@article{Hungarian1950,
    title = {{14-16, 1951.}},
    year = {1950},
    author = {Hungarian, T H E and For, Method and Assignment, T H E and Stated, Introduction and Robinson, J and Corporation, Rand and Symposium, Scoop and Inequalities, Linear and Kanig, D and Ege, E and Method, Hungarian and Simple, T H E and Problem, Assignment and Assignment, Simple}
}

@article{Rolf2021,
    title = {{A generalizable and accessible approach to machine learning with global satellite imagery}},
    year = {2021},
    journal = {Nature Communications},
    author = {Rolf, Esther and Proctor, Jonathan and Carleton, Tamma and Bolliger, Ian and Shankar, Vaishaal and Ishihara, Miyabi and Recht, Benjamin and Hsiang, Solomon},
    number = {1},
    pages = {1--11},
    volume = {12},
    publisher = {Springer US},
    url = {http://dx.doi.org/10.1038/s41467-021-24638-z},
    doi = {10.1038/s41467-021-24638-z},
    issn = {20411723},
    pmid = {34285205},
    arxivId = {2010.08168}
}

@article{Rodene2022,
    title = {{A UAV‐based high‐throughput phenotyping approach to assess time‐series nitrogen responses and identify trait‐associated genetic components in maize}},
    year = {2022},
    journal = {The Plant Phenome Journal},
    author = {Rodene, Eric and Xu, Gen and Palali Delen, Semra and Zhao, Xia and Smith, Christine and Ge, Yufeng and Schnable, James and Yang, Jinliang},
    number = {1},
    pages = {1--12},
    volume = {5},
    doi = {10.1002/ppj2.20030},
    issn = {2578-2703}
}

@article{rs8060501,
    title = {{An Easy-to-Use Airborne LiDAR Data Filtering Method Based on Cloth Simulation}},
    year = {2016},
    journal = {Remote Sensing},
    author = {Zhang, Wuming and Qi, Jianbo and Wan, Peng and Wang, Hongtao and Xie, Donghui and Wang, Xiaoyan and Yan, Guangjian},
    number = {6},
    volume = {8},
    url = {https://www.mdpi.com/2072-4292/8/6/501},
    doi = {10.3390/rs8060501},
    issn = {2072-4292}
}

@article{Popovic2020,
    title = {{An informative path planning framework for UAV-based terrain monitoring}},
    year = {2020},
    journal = {Autonomous Robots},
    author = {Popovi{\'{c}}, Marija and Vidal-Calleja, Teresa and Hitz, Gregory and Chung, Jen Jen and Sa, Inkyu and Siegwart, Roland and Nieto, Juan},
    number = {6},
    pages = {889--911},
    volume = {44},
    doi = {10.1007/s10514-020-09903-2},
    issn = {15737527},
    arxivId = {1809.03870},
    keywords = {Aerial robotics, Environmental monitoring, Informative path planning, Remote sensing}
}

@article{Zhu2020,
    title = {{Analysing the phenotype development of soybean plants using low-cost 3D reconstruction}},
    year = {2020},
    journal = {Scientific Reports},
    author = {Zhu, Rongsheng and Sun, Kai and Yan, Zhuangzhuang and Yan, Xuehui and Yu, Jianglin and Shi, Jia and Hu, Zhenbang and Jiang, Hongwei and Xin, Dawei and Zhang, Zhanguo and Li, Yang and Qi, Zhaoming and Liu, Chunyan and Wu, Xiaoxia and Chen, Qingshan},
    number = {1},
    pages = {1--17},
    volume = {10},
    publisher = {Springer US},
    url = {http://dx.doi.org/10.1038/s41598-020-63720-2},
    doi = {10.1038/s41598-020-63720-2},
    issn = {20452322},
    pmid = {32341432}
}

@article{SHARON201540,
    title = {{Conflict-based search for optimal multi-agent pathfinding}},
    year = {2015},
    journal = {Artificial Intelligence},
    author = {Sharon, Guni and Stern, Roni and Felner, Ariel and Sturtevant, Nathan R},
    pages = {40--66},
    volume = {219},
    url = {https://www.sciencedirect.com/science/article/pii/S0004370214001386},
    doi = {https://doi.org/10.1016/j.artint.2014.11.006},
    issn = {0004-3702},
    keywords = {Heuristic search, Multi-agent, Pathfinding}
}

@article{Honig2018,
    title = {{Conflict-based search with optimal task assignment}},
    year = {2018},
    journal = {Proceedings of the International Joint Conference on Autonomous Agents and Multiagent Systems, AAMAS},
    author = {Honig, Wolfgang and Kiesel, Scott and Tinka, Andrew and Durham, Joseph W. and Ayanian, Nora},
    number = {1},
    pages = {757--765},
    volume = {1},
    isbn = {9781510868083},
    doi = {10.5555/3237383.3237495},
    issn = {15582914}
}

@article{Honig2018b,
    title = {{Conflict-based search with optimal task assignment}},
    year = {2018},
    journal = {Proceedings of the International Joint Conference on Autonomous Agents and Multiagent Systems, AAMAS},
    author = {Honig, Wolfgang and Kiesel, Scott and Tinka, Andrew and Durham, Joseph W. and Ayanian, Nora},
    number = {1},
    pages = {757--765},
    volume = {1},
    isbn = {9781510868083},
    doi = {10.5555/3237383.3237495},
    issn = {15582914}
}

@article{Beery2020,
    title = {{Context R-CNN: Long term temporal context for per-camera object detection}},
    year = {2020},
    journal = {Proceedings of the IEEE Computer Society Conference on Computer Vision and Pattern Recognition},
    author = {Beery, Sara and Wu, Guanhang and Rathod, Vivek and Votel, Ronny and Huang, Jonathan},
    pages = {13072--13082},
    doi = {10.1109/CVPR42600.2020.01309},
    issn = {10636919},
    arxivId = {1912.03538}
}

@article{Prasad2022,
    title = {{Deep implicit surface reconstruction of 3D plant geometry from point cloud}},
    year = {2022},
    author = {Prasad, Anjana Deva}
}

@article{Bang2021,
    title = {{Energy-optimal goal assignment of multi-agent system with goal trajectories in polynomials}},
    year = {2021},
    journal = {2021 29th Mediterranean Conference on Control and Automation, MED 2021},
    author = {Bang, Heeseung and Beaver, Logan E. and Malikopoulos, Andreas A.},
    number = {1},
    pages = {1228--1233},
    publisher = {IEEE},
    isbn = {9781665422581},
    doi = {10.1109/MED51440.2021.9480318},
    arxivId = {2101.06288}
}

@incollection{Rasmussen2004,
    title = {{Gaussian Processes in Machine Learning}},
    year = {2004},
    booktitle = {Advanced Lectures on Machine Learning: ML Summer Schools 2003, Canberra, Australia, February 2 - 14, 2003, T{\"{u}}bingen, Germany, August 4 - 16, 2003, Revised Lectures},
    author = {Rasmussen, Carl Edward},
    editor = {Bousquet, Olivier and von Luxburg, Ulrike and R{\"{a}}tsch, Gunnar},
    pages = {63--71},
    publisher = {Springer Berlin Heidelberg},
    url = {https://doi.org/10.1007/978-3-540-28650-9_4},
    address = {Berlin, Heidelberg},
    isbn = {978-3-540-28650-9},
    doi = {10.1007/978-3-540-28650-9{\_}4}
}

@article{Whebell2021,
    title = {{Implicit reconstructions of thin leaf surfaces from large, noisy point clouds}},
    year = {2021},
    journal = {Applied Mathematical Modelling},
    author = {Whebell, Riley M. and Moroney, Timothy J. and Turner, Ian W. and Pethiyagoda, Ravindra and McCue, Scott W.},
    pages = {416--434},
    volume = {98},
    doi = {10.1016/j.apm.2021.05.014},
    issn = {0307904X},
    arxivId = {2009.10286},
    keywords = {Implicit surface reconstruction, Partition of unity, Polyharmonic spline, Radial basis function, Thin surface}
}

@article{Forster2015,
    title = {{IMU preintegration on manifold for efficient visual-inertial maximum-a-posteriori estimation}},
    year = {2015},
    journal = {Robotics: Science and Systems},
    author = {Forster, Christian and Carlone, Luca and Dellaert, Frank and Scaramuzza, Davide},
    volume = {11},
    isbn = {9780992374716},
    doi = {10.15607/RSS.2015.XI.006},
    issn = {2330765X}
}

@article{Ruckin2022,
    title = {{Informative Path Planning for Active Learning in Aerial Semantic Mapping}},
    year = {2022},
    author = {R{\"{u}}ckin, Julius and Jin, Liren and Magistri, Federico and Stachniss, Cyrill and Popovi{\'{c}}, Marija},
    url = {http://arxiv.org/abs/2203.01652},
    arxivId = {2203.01652}
}

@article{Rosinol2020,
    title = {{Kimera: An Open-Source Library for Real-Time Metric-Semantic Localization and Mapping}},
    year = {2020},
    journal = {Proceedings - IEEE International Conference on Robotics and Automation},
    author = {Rosinol, Antoni and Abate, Marcus and Chang, Yun and Carlone, Luca},
    pages = {1689--1696},
    isbn = {9781728173955},
    doi = {10.1109/ICRA40945.2020.9196885},
    issn = {10504729},
    arxivId = {1910.02490}
}

@article{Tancik2021,
    title = {{Learned Initializations for Optimizing Coordinate-Based Neural Representations}},
    year = {2021},
    journal = {Proceedings of the IEEE Computer Society Conference on Computer Vision and Pattern Recognition},
    author = {Tancik, Matthew and Mildenhall, Ben and Wang, Terrance and Schmidt, Divi and Srinivasan, Pratul P. and Barron, Jonathan T. and Ng, Ren},
    pages = {2845--2854},
    isbn = {9781665445092},
    doi = {10.1109/CVPR46437.2021.00287},
    issn = {10636919},
    arxivId = {2012.02189}
}

@article{DasChoudhury2020,
    title = {{Leveraging Image Analysis to Compute 3D Plant Phenotypes Based on Voxel-Grid Plant Reconstruction}},
    year = {2020},
    journal = {Frontiers in Plant Science},
    author = {Das Choudhury, Sruti and Maturu, Srikanth and Samal, Ashok and Stoerger, Vincent and Awada, Tala},
    number = {December},
    pages = {1--18},
    volume = {11},
    doi = {10.3389/fpls.2020.521431},
    issn = {1664462X},
    keywords = {3D phenotype computation, 3D plant phenotyping taxonomy, 3D plant voxel-grid reconstruction, Plant component separation, benchmark dataset}
}

@article{Zhang2017,
    title = {{Low-drift and real-time lidar odometry and mapping}},
    year = {2017},
    journal = {Autonomous Robots},
    author = {Zhang, Ji and Singh, Sanjiv},
    number = {2},
    pages = {401--416},
    volume = {41},
    doi = {10.1007/s10514-016-9548-2},
    issn = {15737527},
    keywords = {Continuous-time, Ego-motion estimation, Lidar, Mapping}
}

@article{Weinstein2022,
    title = {{model}},
    year = {2022},
    author = {Weinstein, Ben G and Marconi, Sergio and Graves, Sarah J and Zare, Alina and Singh, Aditya and Stephanie, A and Magee, Lukas and Johnson, Daniel J and Townsend, Phillip A and White, Ethan P}
}

@article{Finn2017,
    title = {{Model-agnostic meta-learning for fast adaptation of deep networks}},
    year = {2017},
    journal = {34th International Conference on Machine Learning, ICML 2017},
    author = {Finn, Chelsea and Abbeel, Pieter and Levine, Sergey},
    pages = {1856--1868},
    volume = {3},
    isbn = {9781510855144},
    arxivId = {1703.03400}
}

@article{Wood2022,
    title = {{Multi-Agent Goal Assignment with Finite-Time Path Planning}},
    year = {2022},
    author = {Wood, Tony A. and Kamgarpour, Maryam},
    url = {http://arxiv.org/abs/2212.12724},
    arxivId = {2212.12724}
}

@article{Ishihara2020,
    title = {{Multi-agent task allocation based on the learning of managers and local preference selections}},
    year = {2020},
    journal = {Procedia Computer Science},
    author = {Ishihara, Yuka and Sugawara, Toshiharu},
    pages = {675--684},
    volume = {176},
    publisher = {Elsevier B.V.},
    url = {https://doi.org/10.1016/j.procs.2020.09.040},
    doi = {10.1016/j.procs.2020.09.040},
    issn = {18770509},
    keywords = {Distributed task allocation, Edge computing, Multi-agent systems, Reinforcement learning}
}

@article{Zhang2021,
    title = {{NeRS: Neural Reflectance Surfaces for Sparse-view 3D Reconstruction in the Wild}},
    year = {2021},
    author = {Zhang, Jason Y. and Yang, Gengshan and Tulsiani, Shubham and Ramanan, Deva},
    number = {NeurIPS},
    pages = {1--18},
    url = {http://arxiv.org/abs/2110.07604},
    arxivId = {2110.07604}
}

@article{Wang2021,
    title = {{NeuS: Learning Neural Implicit Surfaces by Volume Rendering for Multi-view Reconstruction}},
    year = {2021},
    author = {Wang, Peng and Liu, Lingjie and Liu, Yuan and Theobalt, Christian and Komura, Taku and Wang, Wenping},
    number = {NeurIPS},
    url = {http://arxiv.org/abs/2106.10689},
    arxivId = {2106.10689}
}

@article{https://doi.org/10.1890/1540-9295,
    title = {{No Title}}
}

@article{Foehn2018,
    title = {{Onboard State Dependent LQR for Agile Quadrotors}},
    year = {2018},
    journal = {Proceedings - IEEE International Conference on Robotics and Automation},
    author = {Foehn, Philipp and Scaramuzza, Davide},
    pages = {6566--6572},
    publisher = {IEEE},
    isbn = {9781538630815},
    doi = {10.1109/ICRA.2018.8460885},
    issn = {10504729}
}

@article{Hanocka2020,
    title = {{Point2Mesh: A Self-Prior for Deformable Meshes}},
    year = {2020},
    journal = {ACM Transactions on Graphics},
    author = {Hanocka, Rana and Metzer, Gal and Giryes, Raja and Cohen-Or, Daniel},
    number = {4},
    volume = {39},
    doi = {10.1145/3386569.3392415},
    issn = {15577368},
    arxivId = {2005.11084},
    keywords = {geometric deep learning, shape analysis, surface reconstruction}
}

@article{Sodhi2018,
    title = {{Robust Plant Phenotyping via Model-Based Optimization}},
    year = {2018},
    journal = {IEEE International Conference on Intelligent Robots and Systems},
    author = {Sodhi, Paloma and Sun, Hanqi and P{\'{o}}czos, Barnabás and Wettergreen, David},
    pages = {7689--7696},
    volume = {1},
    isbn = {9781538680940},
    doi = {10.1109/IROS.2018.8594245},
    issn = {21530866}
}

@article{Zhou2017,
    title = {{Scene parsing through ADE20K dataset}},
    year = {2017},
    journal = {Proceedings - 30th IEEE Conference on Computer Vision and Pattern Recognition, CVPR 2017},
    author = {Zhou, Bolei and Zhao, Hang and Puig, Xavier and Fidler, Sanja and Barriuso, Adela and Torralba, Antonio},
    pages = {5122--5130},
    volume = {2017-Janua},
    isbn = {9781538604571},
    doi = {10.1109/CVPR.2017.544}
}

@article{Xie2021,
    title = {{SegFormer: Simple and Efficient Design for Semantic Segmentation with Transformers}},
    year = {2021},
    author = {Xie, Enze and Wang, Wenhai and Yu, Zhiding and Anandkumar, Anima and Alvarez, Jose M. and Luo, Ping},
    pages = {1--18},
    url = {http://arxiv.org/abs/2105.15203},
    arxivId = {2105.15203}
}

@article{Leet2022,
    title = {{Shard Systems: Scalable, Robust and Persistent Multi-Agent Path Finding with Performance Guarantees}},
    year = {2022},
    journal = {Proceedings of the AAAI Conference on Artificial Intelligence},
    author = {Leet, Christopher and Li, Jiaoyang and Koenig, Sven},
    number = {9},
    pages = {9386--9395},
    volume = {36},
    isbn = {1577358767},
    doi = {10.1609/aaai.v36i9.21170},
    issn = {2159-5399},
    keywords = {AAAI-22: Multiagent Systems (MAS), AAAI-22: Planning {\&} Routing {\&} Scheduling (PRS)}
}

@article{Ye2021,
    title = {{Shelf-Supervised Mesh Prediction in the Wild}},
    year = {2021},
    journal = {Proceedings of the IEEE Computer Society Conference on Computer Vision and Pattern Recognition},
    author = {Ye, Yufei and Tulsiani, Shubham and Gupta, Abhinav},
    pages = {8839--8848},
    isbn = {9781665445092},
    doi = {10.1109/CVPR46437.2021.00873},
    issn = {10636919},
    arxivId = {2102.06195}
}

@incollection{Pardalos2009,
    title = {{Simulated annealingSimulated Annealing}},
    year = {2009},
    booktitle = {Encyclopedia of Optimization},
    author = {Pardalos, Panos M and Mavridou, Thelma D},
    editor = {Floudas, Christodoulos A and Pardalos, Panos M},
    pages = {3591--3593},
    publisher = {Springer US},
    url = {https://doi.org/10.1007/978-0-387-74759-0_617},
    address = {Boston, MA},
    isbn = {978-0-387-74759-0},
    doi = {10.1007/978-0-387-74759-0{\_}617}
}

@article{Phillips2011,
    title = {{SIPP: Safe interval path planning for dynamic environments}},
    year = {2011},
    journal = {Proceedings - IEEE International Conference on Robotics and Automation},
    author = {Phillips, Mike and Likhachev, Maxim},
    pages = {5628--5635},
    volume = {1},
    isbn = {9781612843865},
    doi = {10.1109/ICRA.2011.5980306},
    issn = {10504729}
}

@article{Rao,
    title = {{Sparse Sensing in Ergodic Optimization}},
    author = {Rao, Ananya and Abraham, Ian and Sartoretti, Guillaume and Choset, Howie},
    pages = {1--14},
    keywords = {control, ergodic search, search and coverage}
}

@article{Chen2019,
    title = {{SuMa++: Efficient LiDAR-based Semantic SLAM}},
    year = {2019},
    journal = {IEEE International Conference on Intelligent Robots and Systems},
    author = {Chen, Xieyuanli and Milioto, Andres and Palazzolo, Emanuele and Giguere, Philippe and Behley, Jens and Stachniss, Cyrill},
    pages = {4530--4537},
    isbn = {9781728140049},
    doi = {10.1109/IROS40897.2019.8967704},
    issn = {21530866},
    arxivId = {2105.11320}
}

@article{Andrada2020,
    title = {{Testing Different CNN Architectures for Semantic Segmentation for Landscaping with Forestry Robotics}},
    year = {2020},
    journal = {In: IROS 2020 Workshop on Perception, Planning and Mobility in Forestry Robotics (WPPMFR 2020)},
    author = {Andrada, M E and Ferreira, J F and Portugal, D and Couceiro, M}
}

@article{rs14040940,
    title = {{The Accuracy and Consistency of 3D Elevation Program Data: A Systematic Analysis}},
    year = {2022},
    journal = {Remote Sensing},
    author = {Stoker, Jason and Miller, Barry},
    number = {4},
    volume = {14},
    url = {https://www.mdpi.com/2072-4292/14/4/940},
    doi = {10.3390/rs14040940},
    issn = {2072-4292}
}

@article{Cordts2016,
    title = {{The Cityscapes Dataset for Semantic Urban Scene Understanding}},
    year = {2016},
    journal = {Proceedings of the IEEE Computer Society Conference on Computer Vision and Pattern Recognition},
    author = {Cordts, Marius and Omran, Mohamed and Ramos, Sebastian and Rehfeld, Timo and Enzweiler, Markus and Benenson, Rodrigo and Franke, Uwe and Roth, Stefan and Schiele, Bernt},
    pages = {3213--3223},
    volume = {2016-Decem},
    isbn = {9781467388504},
    doi = {10.1109/CVPR.2016.350},
    issn = {10636919},
    arxivId = {1604.01685}
}

@article{Neuhold2017,
    title = {{The Mapillary Vistas Dataset for Semantic Understanding of Street Scenes}},
    year = {2017},
    journal = {Proceedings of the IEEE International Conference on Computer Vision},
    author = {Neuhold, Gerhard and Ollmann, Tobias and Bulo, Samuel Rota and Kontschieder, Peter},
    pages = {5000--5009},
    volume = {2017-Octob},
    isbn = {9781538610329},
    doi = {10.1109/ICCV.2017.534},
    issn = {15505499}
}

@article{Candela2021,
    title = {{Using Remote Sensing and in situ Measurements for Efficient Mapping and Optimal Sampling of Coral Reefs}},
    year = {2021},
    journal = {Frontiers in Marine Science},
    author = {Candela, Alberto and Edelson, Kevin and Gierach, Michelle M. and Thompson, David R. and Woodward, Gail and Wettergreen, David},
    number = {September},
    pages = {1--17},
    volume = {8},
    doi = {10.3389/fmars.2021.689489},
    issn = {22967745},
    keywords = {Bayesian statistics, coral reef, deep neural network, experimental design, remote sensing}
}

@article{Cao202316-891Coordination,
    title = {{16-891 Multi Robot Planning and Coordination}},
    year = {2023},
    author = {Cao, Chao},
    pages = {1--17},
    volume = {1}
}

@unpublished{From2Interests,
    title = {{2 Perceived Impact 3 Relevance to NOFO and NASA Interests}},
    author = {From, Over and Of, Able}
}

@article{Zuffi20173DAnimals,
    title = {{3D menagerie: Modeling the 3D shape and pose of animals}},
    year = {2017},
    journal = {Proceedings - 30th IEEE Conference on Computer Vision and Pattern Recognition, CVPR 2017},
    author = {Zuffi, Silvia and Kanazawa, Angjoo and Jacobs, David and Black, Michael J.},
    pages = {5524--5532},
    volume = {2017-Janua},
    isbn = {9781538604571},
    doi = {10.1109/CVPR.2017.586},
    arxivId = {1611.07700}
}

@article{Dai20183DMV:Segmentation,
    title = {{3DMV: Joint 3D-multi-view prediction for 3D semantic scene segmentation}},
    year = {2018},
    journal = {Lecture Notes in Computer Science (including subseries Lecture Notes in Artificial Intelligence and Lecture Notes in Bioinformatics)},
    author = {Dai, Angela and Nie{\ss}ner, Matthias},
    pages = {458--474},
    volume = {11214 LNCS},
    isbn = {9783030012489},
    doi = {10.1007/978-3-030-01249-6{\_}28},
    issn = {16113349},
    arxivId = {1803.10409}
}

@article{Fraser2021AImagery,
    title = {{A comparison of methods for determining forest composition from high-spatial-resolution remotely sensed imagery}},
    year = {2021},
    journal = {Forests},
    author = {Fraser, Benjamin T. and Congalton, Russell G.},
    number = {9},
    volume = {12},
    doi = {10.3390/f12091290},
    issn = {19994907},
    keywords = {Digital classification, Forest composition, Precision forestry, Random forests, Support vector machines, Unmanned aerial systems, Unmanned aerial vehicles, Visual interpretation}
}

@article{Tattaris2016ABreeding,
    title = {{A direct comparison of remote sensing approaches for high-throughput phenotyping in plant breeding}},
    year = {2016},
    journal = {Frontiers in Plant Science},
    author = {Tattaris, Maria and Reynolds, Matthew P. and Chapman, Scott C.},
    number = {AUG2016},
    pages = {1--9},
    volume = {7},
    doi = {10.3389/fpls.2016.01131},
    issn = {1664462X},
    keywords = {Airborne imagery, High-throughput phenotyping, Indices, Multispectral, Thermal, UAV}
}

@article{Berndt2020AGraph,
    title = {{A Feedback Scheme to Reorder a Multi-Agent Execution Schedule by Persistently Optimizing a Switchable Action Dependency Graph}},
    year = {2020},
    author = {Berndt, Alexander and Van Duijkeren, Niels and Palmieri, Luigi and Keviczky, Tamas},
    url = {http://arxiv.org/abs/2010.05254},
    arxivId = {2010.05254}
}

@article{Wiemann2019AClouds,
    title = {{A File Structure and Reference Data Set for High Resolution Hyperspectral 3D Point Clouds}},
    year = {2019},
    journal = {IFAC-PapersOnLine},
    author = {Wiemann, Thomas and Igelbrink, Felix and P{\"{u}}tz, Sebastian and Hertzberg, Joachim},
    number = {8},
    pages = {93--98},
    volume = {52},
    doi = {10.1016/j.ifacol.2019.08.101},
    issn = {24058963},
    keywords = {3D Mapping, Data Storage, Hyperspectral Imaging, Information, Perception, Sensing, Sensor Fusion}
}

@book{Murray1994AGrasp_quality_metrics,
    title = {{A mathematical introduction to robotic manipulation Cited by me analytic{\_}grasp{\_}synt... grasp{\_}quality{\_}metrics}},
    year = {1994},
    booktitle = {Book},
    author = {Murray, RM and Li, Z and Sastry, SS},
    pages = {480},
    volume = {29},
    url = {/citations?view_op=view_citation&continue=/scholar%3Fhl%3Den%26start%3D140%26as_sdt%3D0,5%26scilib%3D1&citilm=1&citation_for_view=OZNzz9gAAAAJ:35N4QoGY0k4C&hl=en&oi=p},
    isbn = {9780849379819}
}

@article{Mourikis2007ANavigation,
    title = {{A multi-state constraint Kalman filter for vision-aided inertial navigation}},
    year = {2007},
    journal = {Proceedings - IEEE International Conference on Robotics and Automation},
    author = {Mourikis, Anastasios I. and Roumeliotis, Stergios I.},
    pages = {3565--3572},
    isbn = {1424406021},
    doi = {10.1109/ROBOT.2007.364024},
    issn = {10504729}
}

@article{Kohl2018AImages,
    title = {{A probabilistic U-net for segmentation of ambiguous images}},
    year = {2018},
    journal = {Advances in Neural Information Processing Systems},
    author = {Kohl, Simon A.A. and Romera-Paredes, Bernardino and Meyer, Clemens and De Fauw, Jeffrey and Ledsam, Joseph R. and Maier-Hein, Klaus H. and Ali Eslami, S. M. and Rezende, Danilo Jimenez and Ronneberger, Olaf},
    number = {NeurIPS},
    pages = {6965--6975},
    volume = {2018-Decem},
    issn = {10495258},
    arxivId = {1806.05034}
}

@article{Chekuri2005AGraphs,
    title = {{A recursive greedy algorithm for walks in directed graphs}},
    year = {2005},
    journal = {Proceedings - Annual IEEE Symposium on Foundations of Computer Science, FOCS},
    author = {Chekuri, Chandra and P{\'{a}}l, Martin},
    pages = {245--253},
    volume = {2005},
    isbn = {0769524680},
    doi = {10.1109/SFCS.2005.9},
    issn = {02725428}
}

@article{Dabhi2012ASegmentation,
    title = {{A Review on Outdoor Scene Image Segmentation}},
    year = {2012},
    journal = {International Journal of Computer Science and Information Technologies (IJCSIT)},
    author = {Dabhi, Neha},
    number = {6},
    pages = {5419--5423},
    volume = {3},
    url = {http://ijcsit.com/docs/Volume 3/vol3Issue6/ijcsit2012030627.pdf},
    keywords = {Gestalt laws, Perceptual Orgnisation, signed distance function, superpixels, —Image segmentation}
}

@article{Ding2018AGusts,
    title = {{A Robust Control for an Aerial Robot Quadrotor under Wind Gusts}},
    year = {2018},
    journal = {Journal of Robotics},
    author = {Ding, Li and Wang, Zhenwei},
    volume = {2018},
    doi = {10.1155/2018/5607362},
    issn = {16879619}
}

@article{Xia2020ARobots,
    title = {{A survey of image semantics-based visual simultaneous localization and mapping: Application-oriented solutions to autonomous navigation of mobile robots}},
    year = {2020},
    journal = {International Journal of Advanced Robotic Systems},
    author = {Xia, Linlin and Cui, Jiashuo and Shen, Ran and Xu, Xun and Gao, Yiping and Li, Xinying},
    number = {3},
    pages = {1--17},
    volume = {17},
    doi = {10.1177/1729881420919185},
    issn = {17298814},
    keywords = {Semantic SLAM, autonomous navigation, environmental perception, mobile robot, robustness, visual SLAM}
}

@techreport{MueedHafizAArt,
    title = {{A Survey on Instance Segmentation: State of the art}},
    author = {Mueed Hafiz, Abdul and Mohiuddin Bhat, Ghulam},
    keywords = {Convolutional Neural Networks, Deep Learning, Instance Segmentation, Object Detection}
}

@article{Manifold2021AImages,
    title = {{A versatile deep learning architecture for classification and label-free prediction of hyperspectral images}},
    year = {2021},
    journal = {Nature Machine Intelligence},
    author = {Manifold, Bryce and Men, Shuaiqian and Hu, Ruoqian and Fu, Dan},
    number = {4},
    pages = {306--315},
    volume = {3},
    publisher = {Springer US},
    url = {http://dx.doi.org/10.1038/s42256-021-00309-y},
    isbn = {4225602100309},
    doi = {10.1038/s42256-021-00309-y},
    issn = {25225839}
}

@article{Abraham2020ActiveEquilibrium,
    title = {{Active Area Coverage from Equilibrium}},
    year = {2020},
    journal = {Springer Proceedings in Advanced Robotics},
    author = {Abraham, Ian and Prabhakar, Ahalya and Murphey, Todd D.},
    pages = {284--300},
    volume = {14},
    doi = {10.1007/978-3-030-44051-0{\_}17},
    issn = {25111264},
    arxivId = {1902.03320},
    keywords = {Active exploration, Active learning, Safe learning}
}

@article{Rong2021ActiveVideos,
    title = {{Active Learning Based 3D Semantic Labeling From Images and Videos}},
    year = {2021},
    journal = {IEEE Transactions on Circuits and Systems for Video Technology},
    author = {Rong, Mengqi and Cui, Hainan and Hu, Zhanyi and Jiang, Hanqing and Liu, Hongmin and Shen, Shuhan},
    number = {XX},
    pages = {1--15},
    volume = {XX},
    doi = {10.1109/TCSVT.2021.3079991},
    issn = {15582205},
    keywords = {3D semantic mesh model, Active Learning, Annotations, Geometric Constraint, Image reconstruction, Image segmentation, Labeling, Semantic Segmentation, Semantics, Solid modeling, Three-dimensional displays}
}

@article{Wu2019ActiveSampling,
    title = {{Active learning for regression using greedy sampling}},
    year = {2019},
    journal = {Information Sciences},
    author = {Wu, Dongrui and Lin, Chin Teng and Huang, Jian},
    pages = {90--105},
    volume = {474},
    doi = {10.1016/j.ins.2018.09.060},
    issn = {00200255},
    arxivId = {1808.04245},
    keywords = {Active learning, Driver drowsiness estimation, Greedy sampling, Regression}
}

@article{Vezhnevets2012ActiveChange,
    title = {{Active learning for semantic segmentation with expected change}},
    year = {2012},
    journal = {Proceedings of the IEEE Computer Society Conference on Computer Vision and Pattern Recognition},
    author = {Vezhnevets, Alexander and Buhmann, Joachim M. and Ferrari, Vittorio},
    pages = {3162--3169},
    publisher = {IEEE},
    isbn = {9781467312264},
    doi = {10.1109/CVPR.2012.6248050},
    issn = {10636919}
}

@article{Kumar2019ActivePhenotyping,
    title = {{Active learning with Gaussian processes for High Throughput Phenotyping}},
    year = {2019},
    journal = {Proceedings of the International Joint Conference on Autonomous Agents and Multiagent Systems, AAMAS},
    author = {Kumar, Sumit and Luo, Wenhao and Kantor, George and Sycara, Katia},
    pages = {2078--2080},
    volume = {4},
    isbn = {9781510892002},
    issn = {15582914},
    arxivId = {1901.06803},
    keywords = {Active learning, Adaptive sampling, Crop phenotyping, Gaussian Process, Robot learning}
}

@article{Safronov2021ActiveClassification,
    title = {{Active Perception for Ambiguous Objects Classification}},
    year = {2021},
    author = {Safronov, Evgenii and Piga, Nicola and Colledanchise, Michele and Natale, Lorenzo},
    pages = {4437--4444},
    doi = {10.1109/iros51168.2021.9636414},
    arxivId = {2108.00737}
}

@article{Jamieson2020ActiveEnvironments,
    title = {{Active Reward Learning for Co-Robotic Vision Based Exploration in Bandwidth Limited Environments}},
    year = {2020},
    journal = {Proceedings - IEEE International Conference on Robotics and Automation},
    author = {Jamieson, Stewart and How, Jonathan P. and Girdhar, Yogesh},
    pages = {1806--1812},
    isbn = {9781728173955},
    doi = {10.1109/ICRA40945.2020.9196922},
    issn = {10504729},
    arxivId = {2003.05016}
}

@techreport{Davila2022ADAPT:AI,
    title = {{ADAPT: An Open-Source sUAS Payload for Real-Time Disaster Prediction and Response with AI}},
    year = {2022},
    author = {Davila, Daniel and Vanpelt, Joseph and Lynch, Alexander and Romlein, Adam and Webley, Peter and Brown, Matthew S},
    url = {https://kitware.github.io/adapt/.}
}

@article{Bouman2022AdaptiveEnvironments,
    title = {{Adaptive Coverage Path Planning for Efficient Exploration of Unknown Environments}},
    year = {2022},
    journal = {IEEE International Conference on Intelligent Robots and Systems},
    author = {Bouman, Amanda and Ott, Joshua and Kim, Sung Kyun and Chen, Kenny and Kochenderfer, Mykel J. and Lopez, Brett and Agha-Mohammadi, Ali Akbar and Burdick, Joel},
    pages = {11916--11923},
    volume = {2022-Octob},
    isbn = {9781665479271},
    doi = {10.1109/IROS47612.2022.9982287},
    issn = {21530866},
    arxivId = {2302.03164}
}

@article{Chen2010AdaptiveDetections,
    title = {{Adaptive fuzzy color segmentation with neural network for road detections}},
    year = {2010},
    journal = {Engineering Applications of Artificial Intelligence},
    author = {Chen, Chieh Li and Tai, Chung Li},
    number = {3},
    pages = {400--410},
    volume = {23},
    publisher = {Elsevier},
    url = {http://dx.doi.org/10.1016/j.engappai.2009.12.004},
    doi = {10.1016/j.engappai.2009.12.004},
    issn = {09521976},
    keywords = {Adaptive fuzzy, Color segmentation, Fuzzy c-means, Neural networks, RGB ratio, Road detection}
}

@article{Stache2021AdaptiveSegmentation,
    title = {{Adaptive path planning for UAV-based multi-resolution semantic segmentation}},
    year = {2021},
    journal = {2021 10th European Conference on Mobile Robots, ECMR 2021 - Proceedings},
    author = {Stache, Felix and Westheider, Jonas and Magistri, Federico and Popovic, Marija and Stachniss, Cyrill},
    isbn = {9781665412131},
    doi = {10.1109/ECMR50962.2021.9568788},
    arxivId = {2203.01642},
    keywords = {semantic segmentation, unmanned aerial vehicles}
}

@article{Donti2021AdversariallyFlow,
    title = {{Adversarially Robust Learning for Security-Constrained Optimal Power Flow}},
    year = {2021},
    journal = {Advances in Neural Information Processing Systems},
    author = {Donti, Priya L. and Agarwal, Aayushya and Bedmutha, Neeraj Vijay and Pileggi, Larry and Kolter, J. Zico},
    number = {NeurIPS},
    pages = {28677--28689},
    volume = {34},
    isbn = {9781713845393},
    issn = {10495258},
    arxivId = {2111.06961}
}

@article{Potena2019AgriColMap:Farming,
    title = {{AgriColMap: Aerial-Ground Collaborative 3D Mapping for Precision Farming}},
    year = {2019},
    journal = {IEEE Robotics and Automation Letters},
    author = {Potena, Ciro and Khanna, Raghav and Nieto, Juan and Siegwart, Roland and Nardi, Daniele and Pretto, Alberto},
    number = {2},
    pages = {1085--1092},
    volume = {4},
    doi = {10.1109/LRA.2019.2894468},
    issn = {23773766},
    arxivId = {1810.00457},
    keywords = {Mapping, Multi-Robot Systems, Robotics in Agriculture and Forestry}
}

@article{Chebrolu2017AgriculturalFields,
    title = {{Agricultural robot dataset for plant classification, localization and mapping on sugar beet fields}},
    year = {2017},
    journal = {International Journal of Robotics Research},
    author = {Chebrolu, Nived and Lottes, Philipp and Schaefer, Alexander and Winterhalter, Wera and Burgard, Wolfram and Stachniss, Cyrill},
    number = {10},
    pages = {1045--1052},
    volume = {36},
    doi = {10.1177/0278364917720510},
    issn = {17413176},
    keywords = {Agricultural robotics, localization and mapping, plant classification, precision farming, sugar beet}
}

@article{Perrault2019AIPipeline,
    title = {{AI for Social Impact: Learning and Planning in the Data-to-Deployment Pipeline}},
    year = {2019},
    journal = {arXiv preprint arXiv:2001.00088},
    author = {Perrault, Andrew and Fang, Fei and Sinha, Arunesh and Tambe, Milind}
}

@article{Science2022AIBiosketch,
    title = {{AI understanding of forest mortality - proposal, budget, biosketch}},
    year = {2022},
    author = {Science, Environment and Assessment, Forest Health and Team, Applied Sciences}
}

@article{AnnusZulfiqaraMuhammadM.GhaffarbMuhammadShahzadacChristianWeisbMuhammadI.MalikacFaisalShafaita2003AI-ForestWatch,
    title = {{AI-Forest Watch}},
    year = {2003},
    journal = {Journal of Biomedical Optics},
    author = {Annus Zulfiqar , a,† Muhammad M. Ghaffar, b,*,† Muhammad Shahzad, a, c Christian Weis, b Muhammad I. Malik, a, c Faisal Shafait, a, c and Norbert Wehnb},
    number = {3},
    pages = {035001--7},
    volume = {18},
    doi = {10.1117/1},
    keywords = {12, 2012, 2013, 6, 9, accepted for publication feb, kidney, oxygenation, paper 12432rr received jul, published online, revised manuscript received feb, swine, visible reflectance spectroscopy}
}

@article{Kellenberger2020AIDE:Learning,
    title = {{AIDE: Accelerating image-based ecological surveys with interactive machine learning}},
    year = {2020},
    journal = {Methods in Ecology and Evolution},
    author = {Kellenberger, Benjamin and Tuia, Devis and Morris, Dan},
    number = {12},
    pages = {1716--1727},
    volume = {11},
    doi = {10.1111/2041-210X.13489},
    issn = {2041210X},
    keywords = {applied ecology, conservation, monitoring (population ecology), population ecology, statistics, surveys}
}

@article{Yan2019AnPrediction,
    title = {{An AUV Adaptive Sampling Path Planning Method Based on Online Model Prediction}},
    year = {2019},
    journal = {IFAC-PapersOnLine},
    author = {Yan, Shuxue and Li, Yiping and Feng, Xisheng and Li, Shuo and Tang, Yuangui and Li, Zhigang and Yuan, Mingzhe},
    number = {21},
    pages = {323--328},
    volume = {52},
    publisher = {Elsevier Ltd},
    url = {https://doi.org/10.1016/j.ifacol.2019.12.327},
    doi = {10.1016/j.ifacol.2019.12.327},
    issn = {24058963},
    keywords = {AUV, Gaussian Process Regression, adaptive sampling, hot spot area observation, online path planning}
}

@article{Zhang2016AnSimulation,
    title = {{An easy-to-use airborne LiDAR data filtering method based on cloth simulation}},
    year = {2016},
    journal = {Remote Sensing},
    author = {Zhang, Wuming and Qi, Jianbo and Wan, Peng and Wang, Hongtao and Xie, Donghui and Wang, Xiaoyan and Yan, Guangjian},
    number = {6},
    pages = {1--22},
    volume = {8},
    isbn = {8610588092},
    doi = {10.3390/rs8060501},
    issn = {20724292},
    keywords = {Cloth simulation, Ground filtering algorithm, LiDAR point cloud}
}

@article{Zhou2020AnAlgorithm,
    title = {{An Efficient Planar Bundle Adjustment Algorithm}},
    year = {2020},
    journal = {Proceedings - 2020 IEEE International Symposium on Mixed and Augmented Reality, ISMAR 2020},
    author = {Zhou, Lipu and Koppel, Daniel and Ju, Hul and Steinbruecker, Frank and Kaess, Michael},
    pages = {136--145},
    isbn = {9781728185088},
    doi = {10.1109/ISMAR50242.2020.00035},
    arxivId = {2006.00187},
    keywords = {Bundle Adjustment, Depth Sensor, Nonlinear Optimization, SLAM}
}

@article{Schmid2020AnEnvironments,
    title = {{An Efficient Sampling-Based Method for Online Informative Path Planning in Unknown Environments}},
    year = {2020},
    journal = {IEEE Robotics and Automation Letters},
    author = {Schmid, Lukas and Pantic, Michael and Khanna, Raghav and Ott, Lionel and Siegwart, Roland and Nieto, Juan},
    number = {2},
    pages = {1500--1507},
    volume = {5},
    doi = {10.1109/LRA.2020.2969191},
    issn = {23773766},
    arxivId = {1909.09548},
    keywords = {Motion and path planning, aerial systems, perception and autonomy, reactive and sensor-based planning}
}

@article{Geneva2019AnSlam,
    title = {{An efficient schmidt-ekf for 3D visual-inertial slam}},
    year = {2019},
    journal = {Proceedings of the IEEE Computer Society Conference on Computer Vision and Pattern Recognition},
    author = {Geneva, Patrick and Maley, James and Huang, Guoquan},
    number = {Vi},
    pages = {12097--12107},
    volume = {2019-June},
    isbn = {9781728132938},
    doi = {10.1109/CVPR.2019.01238},
    issn = {10636919},
    arxivId = {1903.08636},
    keywords = {3D from Multiview and Sensors, Motion and Tracking, Optimization Methods, Robotics + Driving, Vision Applications and Sys}
}

@article{Abraham2021AnEquilibrium,
    title = {{An Ergodic Measure for Active Learning from Equilibrium}},
    year = {2021},
    journal = {IEEE Transactions on Automation Science and Engineering},
    author = {Abraham, Ian and Prabhakar, Ahalya and Murphey, Todd D.},
    number = {3},
    pages = {917--931},
    volume = {18},
    doi = {10.1109/TASE.2020.3043636},
    issn = {15583783},
    arxivId = {2006.03552},
    keywords = {Active exploration, active learning, online learning, stable learning}
}

@article{Ghosal2018AnPhenotyping,
    title = {{An explainable deep machine vision framework for plant stress phenotyping}},
    year = {2018},
    journal = {Proceedings of the National Academy of Sciences of the United States of America},
    author = {Ghosal, Sambuddha and Blystone, David and Singh, Asheesh K. and Ganapathysubramanian, Baskar and Singh, Arti and Sarkar, Soumik},
    number = {18},
    pages = {4613--4618},
    volume = {115},
    doi = {10.1073/pnas.1716999115},
    issn = {10916490},
    pmid = {29666265},
    keywords = {Explainable deep learning, Machine learning, Plant stress phenotyping, Precision agriculture, Resolving rater variabilities}
}

@article{Ghosal2018AnPhenotypingb,
    title = {{An explainable deep machine vision framework for plant stress phenotyping}},
    year = {2018},
    journal = {Proceedings of the National Academy of Sciences of the United States of America},
    author = {Ghosal, Sambuddha and Blystone, David and Singh, Asheesh K. and Ganapathysubramanian, Baskar and Singh, Arti and Sarkar, Soumik},
    number = {18},
    pages = {4613--4618},
    volume = {115},
    doi = {10.1073/pnas.1716999115},
    issn = {10916490},
    pmid = {29666265},
    keywords = {Explainable deep learning, Machine learning, Plant stress phenotyping, Precision agriculture, Resolving rater variabilities}
}

@article{Dawkins2017AnAnalytics,
    title = {{An open-source platform for underwater image {\&} video analytics}},
    year = {2017},
    journal = {Proceedings - 2017 IEEE Winter Conference on Applications of Computer Vision, WACV 2017},
    author = {Dawkins, Matthew and Sherrill, Linus and Fieldhouse, Keith and Hoogs, Anthony and Richards, Benjamin and Zhang, David and Prasad, Lakshman and Williams, Kresimir and Lauffenburger, Nathan and Wang, Gaoang},
    pages = {898--906},
    publisher = {IEEE},
    isbn = {9781509048229},
    doi = {10.1109/WACV.2017.105}
}

@article{Burgos-Artizzu2010AnalysisElements,
    title = {{Analysis of natural images processing for the extraction of agricultural elements}},
    year = {2010},
    journal = {Image and Vision Computing},
    author = {Burgos-Artizzu, Xavier P. and Ribeiro, Angela and Tellaeche, Alberto and Pajares, Gonzalo and Fern{\'{a}}ndez-Quintanilla, Cesar},
    number = {1},
    pages = {138--149},
    volume = {28},
    publisher = {Elsevier B.V.},
    url = {http://dx.doi.org/10.1016/j.imavis.2009.05.009},
    doi = {10.1016/j.imavis.2009.05.009},
    issn = {02628856},
    keywords = {Computer vision, Genetic algorithms, Parameter setting, Precision agriculture, Weed detection}
}

@article{Ace2022AssignmentKDC,
    title = {{Assignment 1 KDC}},
    year = {2022},
    journal = {הארץ},
    author = {Ace, Suryadi},
    number = {8.5.2017},
    pages = {2003--2005}
}

@article{LearningAssignmentRL,
    title = {{Assignment 4 : Model-Based RL}},
    author = {Learning, Model-based Reinforcement},
    number = {1},
    pages = {1--13}
}

@article{Bayr2019AutomaticNetwork,
    title = {{Automatic detection of woody vegetation in repeat landscape photographs using a convolutional neural network}},
    year = {2019},
    journal = {Ecological Informatics},
    author = {Bayr, Ulrike and Puschmann, Oskar},
    number = {January},
    pages = {220--233},
    volume = {50},
    publisher = {Elsevier},
    url = {https://doi.org/10.1016/j.ecoinf.2019.01.012},
    doi = {10.1016/j.ecoinf.2019.01.012},
    issn = {15749541},
    keywords = {Landscape change, Landscape monitoring, Machine learning, Photo monitoring, Repeat photography, Vegetation succession}
}

@article{DiCicco2017AutomaticDetection,
    title = {{Automatic model based dataset generation for fast and accurate crop and weeds detection}},
    year = {2017},
    journal = {IEEE International Conference on Intelligent Robots and Systems},
    author = {Di Cicco, Maurilio and Potena, Ciro and Grisetti, Giorgio and Pretto, Alberto},
    pages = {5188--5195},
    volume = {2017-Septe},
    isbn = {9781538626825},
    doi = {10.1109/IROS.2017.8206408},
    issn = {21530866},
    arxivId = {1612.03019}
}

@article{Tabib2021AutonomousRobot,
    title = {{Autonomous Cave Surveying With an Aerial Robot}},
    year = {2021},
    journal = {IEEE Transactions on Robotics},
    author = {Tabib, Wennie and Goel, Kshitij and Yao, John and Boirum, Curtis and Michael, Nathan},
    pages = {1--17},
    publisher = {IEEE},
    doi = {10.1109/tro.2021.3104459},
    issn = {1552-3098},
    arxivId = {2003.13883}
}

@article{Qin2020AVP-SLAM:Lot,
    title = {{AVP-SLAM: Semantic visual mapping and localization for autonomous vehicles in the parking lot}},
    year = {2020},
    journal = {IEEE International Conference on Intelligent Robots and Systems},
    author = {Qin, Tong and Chen, Tongqing and Chen, Yilun and Su, Qing},
    pages = {5939--5945},
    isbn = {9781728162126},
    doi = {10.1109/IROS45743.2020.9340939},
    issn = {21530866},
    arxivId = {2007.01813}
}

@article{Garza2021BayesianExploration,
    title = {{Bayesian Models for Science-Driven Robotic Exploration}},
    year = {2021},
    author = {Garza, Alberto Candela and Wettergreen, David and Michael, Nathan and Schneider, Jeff and Thompson, David R},
    number = {September}
}

@article{Kendall2017BayesianUnderstanding,
    title = {{Bayesian segnet: Model uncertainty in deep convolutional encoder-decoder architectures for scene understanding}},
    year = {2017},
    journal = {British Machine Vision Conference 2017, BMVC 2017},
    author = {Kendall, Alex and Badrinarayanan, Vijay and Cipolla, Roberto},
    isbn = {190172560X},
    doi = {10.5244/c.31.57},
    arxivId = {1511.02680}
}

@book{Kshirsagar2021BecomingGood,
    title = {{Becoming Good at AI for Good}},
    year = {2021},
    booktitle = {AIES 2021 - Proceedings of the 2021 AAAI/ACM Conference on AI, Ethics, and Society},
    author = {Kshirsagar, Meghana and Robinson, Caleb and Yang, Siyu and Gholami, Shahrzad and Klyuzhin, Ivan and Mukherjee, Sumit and Nasir, Md and Ortiz, Anthony and Oviedo, Felipe and Tanner, Darren and Trivedi, Anusua and Xu, Yixi and Zhong, Ming and Dilkina, Bistra and Dodhia, Rahul and Lavista Ferres, Juan M.},
    number = {1},
    pages = {664--673},
    volume = {1},
    publisher = {Association for Computing Machinery},
    isbn = {9781450384735},
    doi = {10.1145/3461702.3462599},
    arxivId = {2104.11757},
    keywords = {AI for good, case study, collaboration, sustainability}
}

@article{Michaelis2019BenchmarkingComing,
    title = {{Benchmarking Robustness in Object Detection: Autonomous Driving when Winter is Coming}},
    year = {2019},
    author = {Michaelis, Claudio and Mitzkus, Benjamin and Geirhos, Robert and Rusak, Evgenia and Bringmann, Oliver and Ecker, Alexander S. and Bethge, Matthias and Brendel, Wieland},
    number = {NeurIPS 2019},
    url = {http://arxiv.org/abs/1907.07484},
    arxivId = {1907.07484}
}

@article{WangBirdsImages,
    title = {{Birds of a Feather : Capturing Avian Shape Models from Images}},
    author = {Wang, Yufu and May, C V},
    arxivId = {arXiv:2105.09396v1}
}

@article{Yu2021BiSeNetSegmentation,
    title = {{BiSeNet V2: Bilateral Network with Guided Aggregation for Real-Time Semantic Segmentation}},
    year = {2021},
    journal = {International Journal of Computer Vision},
    author = {Yu, Changqian and Gao, Changxin and Wang, Jingbo and Yu, Gang and Shen, Chunhua and Sang, Nong},
    number = {11},
    pages = {3051--3068},
    volume = {129},
    doi = {10.1007/s11263-021-01515-2},
    issn = {15731405},
    arxivId = {2004.02147},
    keywords = {Bilateral network, Deep learning, Real-time processing, Semantic segmentation}
}

@article{Machwitz2021BridgingAgriculture,
    title = {{Bridging the Gap Between Remote Sensing and Plant Phenotyping—Challenges and Opportunities for the Next Generation of Sustainable Agriculture}},
    year = {2021},
    journal = {Frontiers in Plant Science},
    author = {Machwitz, Miriam and Pieruschka, Roland and Berger, Katja and Schlerf, Martin and Aasen, Helge and Fahrner, Sven and Jim{\'{e}}nez-Berni, Jose and Baret, Frédéric and Rascher, Uwe},
    number = {October},
    pages = {1--7},
    volume = {12},
    doi = {10.3389/fpls.2021.749374},
    issn = {1664462X},
    keywords = {high-throughput field phenotyping, multi-sensor synergies, open-data standards, radiative transfer models (RTM), remote sensing, smart farming, unmanned aerial vehicles (UAVs), vegetation traits}
}

@article{Siciliano2008BrunoOriolo,
    title = {{Bruno Siciliano, Lorenzo Sciavicco, Luigi Villani, Giuseppe Oriolo}},
    year = {2008},
    author = {Siciliano, Bruno and Sciavicco, Lorenzo and Villani, Luigi}
}

@article{Pretto2021BuildingFarming,
    title = {{Building an Aerial– Ground Robotics System for Precision Farming}},
    year = {2021},
    author = {Pretto, Alberto and Aravecchia, Stéphanie and Burgard, Wolfram and Chebrolu, Nived and Dornhege, Christian and Falck, Tillmann and Fleckenstein, Freya and Fontenla, Alessandra and Imperoli, Marco and Khanna, Raghav and Liebisch, Frank and Lottes, Philipp and Milioto, Andres and Nardi, Daniele and Nardi, Sandro and Pfeifer, Johannes and Popovic´, Marija and Potena, Ciro and Pradalier, Cédric and Rothacker-Feder, Elisa and Sa, Inkyu and Schaefer, Alexander and Siegwart, Roland and Stachniss, Cyrill and Walter, Achim and Winterhalter, Wera and Wu, Xiaolong and Nieto, Juan},
    number = {August 2020},
    pages = {29--49}
}

@article{BurnMDDataset,
    title = {{BurnMD : A Fire Projection and Mitigation Modeling Dataset}},
    pages = {1--8}
}

@article{BurnMDDatasetb,
    title = {{BurnMD : A Fire Projection and Mitigation Modeling Dataset}},
    pages = {1--8}
}

@article{AchmadAliFikriSyamsulArifin2022CARBONSEEKBiosketch,
    title = {{CARBONSEEK - biosketch}},
    year = {2022},
    journal = {הארץ},
    author = {Achmad Ali Fikri, Syamsul Arifin, M. Fuad Fahruddin},
    number = {8.5.2017},
    pages = {2003--2005},
    volume = {2}
}

@article{SitokonstantinouCARBONSEEKProposal,
    title = {{CARBONSEEK - proposal}},
    author = {Sitokonstantinou, Vasileios and Salta, Foteini and Tsoumas, Ilias}
}

@article{ObservatoryCARBONSEEKJustification,
    title = {{CARBONSEEK Budget Justification}},
    author = {Observatory, National and Agency, National Paying},
    number = {Subgrantee 1},
    pages = {1--2}
}

@article{Fang2019Category-sensitiveScenes,
    title = {{Category-sensitive domain adaptation for land cover mapping in aerial scenes}},
    year = {2019},
    journal = {Remote Sensing},
    author = {Fang, Bo and Kou, Rong and Pan, Li and Chen, Pengfei},
    number = {22},
    volume = {11},
    doi = {10.3390/rs11222631},
    issn = {20724292},
    keywords = {Adversarial learning, Aerial images, Co-training, Domain adaptation, Geometry-consistency, Land cover mapping}
}

@article{deBem2020ChangeNetworks,
    title = {{Change detection of deforestation in the brazilian amazon using landsat data and convolutional neural networks}},
    year = {2020},
    journal = {Remote Sensing},
    author = {de Bem, Pablo Pozzobon and de Carvalho, Osmar Abílio and Guimar{\~{a}}es, Renato Fontes and Gomes, Roberto Arnaldo Trancoso},
    number = {6},
    volume = {12},
    doi = {10.3390/rs12060901},
    issn = {20724292},
    keywords = {CNN, Change detection, Classification, Deep learning, Deforestation}
}

@article{PhysicalChapter,
    title = {{Chapter 3. 아두이노 프로그램의 구조}},
    author = {Physical, Open and Platform, Computing},
    pages = {25--47}
}

@article{Tateno2017CNN-SLAM:Prediction,
    title = {{CNN-SLAM: Real-time dense monocular SLAM with learned depth prediction}},
    year = {2017},
    journal = {Proceedings - 30th IEEE Conference on Computer Vision and Pattern Recognition, CVPR 2017},
    author = {Tateno, Keisuke and Tombari, Federico and Laina, Iro and Navab, Nassir},
    pages = {6565--6574},
    volume = {2017-Janua},
    isbn = {9781538604571},
    doi = {10.1109/CVPR.2017.695},
    arxivId = {1704.03489}
}

@article{MunozCo-inferenceAnalysis,
    title = {{Co-inference for Multi-modal Scene Analysis}},
    author = {Munoz, Daniel and Bagnell, J Andrew and Hebert, Martial}
}

@article{Caesar2018COCO-Stuff:Context,
    title = {{COCO-Stuff: Thing and Stuff Classes in Context}},
    year = {2018},
    journal = {Proceedings of the IEEE Computer Society Conference on Computer Vision and Pattern Recognition},
    author = {Caesar, Holger and Uijlings, Jasper and Ferrari, Vittorio},
    pages = {1209--1218},
    isbn = {9781538664209},
    doi = {10.1109/CVPR.2018.00132},
    issn = {10636919},
    arxivId = {1612.03716}
}

@article{Howe2022ComparingAmerica,
    title = {{Comparing Sentinel-2 and Landsat 8 for Burn Severity Mapping in Western North America}},
    year = {2022},
    journal = {Remote Sensing},
    author = {Howe, Alexander A. and Parks, Sean A. and Harvey, Brian J. and Saberi, Saba J. and Lutz, James A. and Yocom, Larissa L.},
    number = {20},
    volume = {14},
    doi = {10.3390/rs14205249},
    issn = {20724292},
    keywords = {Google Earth Engine, atmospheric correction, composite burn index, fire severity, image compositing, imagery resolution, spatial scale, spectral indices, temperate forests, wildfire}
}

@article{Chang2020ComparisonDisease,
    title = {{Comparison of canopy shape and vegetation indices of citrus trees derived from uav multispectral images for characterization of citrus greening disease}},
    year = {2020},
    journal = {Remote Sensing},
    author = {Chang, Anjin and Yeom, Junho and Jung, Jinha and Landivar, Juan},
    number = {24},
    pages = {1--12},
    volume = {12},
    doi = {10.3390/rs12244122},
    issn = {20724292},
    keywords = {Citrus greening, Disease effect, Phenotype, UAV}
}

@article{Cap2015CompleteInfrastructures,
    title = {{Complete decentralized method for on-line multi-robot trajectory planning in well-formed infrastructures}},
    year = {2015},
    journal = {Proceedings International Conference on Automated Planning and Scheduling, ICAPS},
    author = {{\v{C}}{\'{a}}p, Michal and Vok{\v{r}}{\'{i}}nek, Jiří and Kleiner, Alexander},
    pages = {324--332},
    volume = {2015-Janua},
    isbn = {9781577357315},
    doi = {10.1609/icaps.v25i1.13696},
    issn = {23340843},
    arxivId = {1501.07704}
}

@article{Park2020ContrastiveTranslation,
    title = {{Contrastive Learning for Unpaired Image-to-Image Translation}},
    year = {2020},
    journal = {Lecture Notes in Computer Science (including subseries Lecture Notes in Artificial Intelligence and Lecture Notes in Bioinformatics)},
    author = {Park, Taesung and Efros, Alexei A. and Zhang, Richard and Zhu, Jun Yan},
    pages = {319--345},
    volume = {12354 LNCS},
    isbn = {9783030585440},
    doi = {10.1007/978-3-030-58545-7{\_}19},
    issn = {16113349},
    arxivId = {2007.15651},
    keywords = {Contrastive learning, Image generation, Mutual information, Noise contrastive estimation}
}

@article{Le2017CooperativeDynamics,
    title = {{Cooperative multi-robot sampling-based motion planning with dynamics}},
    year = {2017},
    journal = {Proceedings International Conference on Automated Planning and Scheduling, ICAPS},
    author = {Le, Duong and Plaku, Erion},
    number = {Icaps},
    pages = {513--521},
    isbn = {9781577357896},
    doi = {10.1609/icaps.v27i1.13854},
    issn = {23340843},
    keywords = {Robotics Special Track}
}

@article{Yu2016CorrelatedTasks,
    title = {{Correlated Orienteering Problem and its Application to Persistent Monitoring Tasks}},
    year = {2016},
    journal = {IEEE Transactions on Robotics},
    author = {Yu, Jingjin and Schwager, Mac and Rus, Daniela},
    number = {5},
    pages = {1106--1118},
    volume = {32},
    isbn = {9781479969340},
    doi = {10.1109/TRO.2016.2593450},
    issn = {15523098},
    arxivId = {1402.1896},
    keywords = {Orienteering problem, persistent monitoring, situation awareness, spatial correlation}
}

@article{Fawakherji2019CropSegmentation,
    title = {{Crop and Weeds Classification for Precision Agriculture Using Context-Independent Pixel-Wise Segmentation}},
    year = {2019},
    journal = {Proceedings - 3rd IEEE International Conference on Robotic Computing, IRC 2019},
    author = {Fawakherji, Mulham and Youssef, Ali and Bloisi, Domenico and Pretto, Alberto and Nardi, Daniele},
    number = {February},
    pages = {146--152},
    isbn = {9781538692455},
    doi = {10.1109/IRC.2019.00029},
    keywords = {crop weed classification, deep learning, precision agriculture, robot vision}
}

@article{Filgueiras2019Crop1,
    title = {{Crop NDVI monitoring based on sentinel 1}},
    year = {2019},
    journal = {Remote Sensing},
    author = {Filgueiras, Roberto and Mantovani, Everardo Chartuni and Althoff, Daniel and Fernandes Filho, Elpídio Inácio and da Cunha, Fernando França},
    number = {12},
    volume = {11},
    isbn = {5538999739755},
    doi = {10.3390/rs11121441},
    issn = {20724292},
    keywords = {Cloud cover, Machine learning, Radar, Time series analyses}
}

@article{Tseng2021CropHarvest:Classification,
    title = {{CropHarvest: a global satellite dataset for crop type classification}},
    year = {2021},
    author = {Tseng, Gabriel and Zvonkov, Ivan and Nakalembe, Catherine and Kerner, Hannah},
    number = {NeurIPS},
    pages = {1--14},
    url = {https://github.com/nasaharvest/cropharvest}
}

@article{Okumura2022CTRMs:Spaces,
    title = {{CTRMs: Learning to Construct Cooperative Timed Roadmaps for Multi-agent Path Planning in Continuous Spaces}},
    year = {2022},
    journal = {Proceedings of the International Joint Conference on Autonomous Agents and Multiagent Systems, AAMAS},
    author = {Okumura, Keisuke and Yonetani, Ryo and Nishimura, Mai and Kanezaki, Asako},
    pages = {972--981},
    volume = {2},
    isbn = {9781713854333},
    issn = {15582914},
    arxivId = {2201.09467},
    keywords = {Biased Sampling, Data-driven Planning, Multi-agent Pathfinding}
}

@article{Okumura2022CTRMs:Spacesb,
    title = {{CTRMs: Learning to Construct Cooperative Timed Roadmaps for Multi-agent Path Planning in Continuous Spaces}},
    year = {2022},
    journal = {Proceedings of the International Joint Conference on Autonomous Agents and Multiagent Systems, AAMAS},
    author = {Okumura, Keisuke and Yonetani, Ryo and Nishimura, Mai and Kanezaki, Asako},
    pages = {972--981},
    volume = {2},
    isbn = {9781713854333},
    issn = {15582914},
    arxivId = {2201.09467},
    keywords = {Biased Sampling, Data-driven Planning, Multi-agent Pathfinding}
}

@article{KingdomCurbingBudget,
    title = {{Curbing Illegal Logging - budget}},
    author = {Kingdom, United and Salary, Postdoc and Salary, Doctoral Researchers},
    number = {Subgrantee 1},
    pages = {0--1}
}

@article{ZempCURBINGProposal,
    title = {{CURBING ILLEGAL LOGGING - Proposal}},
    author = {Zemp, Clara and Mwangi, Anthony and Jedlitschka, Andreas and Gu, Fengshou and Muchiri, Henry},
    number = {2020},
    pages = {1--16}
}

@article{Zemp2023Curbing-biosketch,
    title = {{Curbing illegal logging -biosketch}},
    year = {2023},
    author = {Zemp, Delphine Clara}
}

@article{Pathak2017Curiosity-drivenPrediction,
    title = {{Curiosity-driven Exploration by Self-supervised Prediction}},
    year = {2017},
    author = {Pathak, Deepak and Agrawal, Pulkit and Efros, Alexei A and Darrell, Trevor},
    arxivId = {arXiv:1705.05363v1}
}

@article{Hoffman2018CyCADA:Adaptation,
    title = {{CyCADA: Cycle-Consistent Adversarial Domain adaptation}},
    year = {2018},
    journal = {35th International Conference on Machine Learning, ICML 2018},
    author = {Hoffman, Judy and Tzeng, Eric and Park, Taesung and Zhu, Jun Yan and Isola, Phillip and Saenko, Kate and Efros, Alexei A. and Darrell, Trevor},
    pages = {3162--3174},
    volume = {5},
    isbn = {9781510867963},
    arxivId = {1711.03213}
}

@article{Chen2021Data-DrivenAnti-poaching,
    title = {{Data-Driven Multimodal Patrol Planning for Anti-poaching}},
    year = {2021},
    journal = {Thirty-Fifth {\{}AAAI{\}} Conference on Artificial Intelligence, {\{}AAAI{\}} 2021, Thirty-Third Conference on Innovative Applications of Artificial Intelligence, {\{}IAAI{\}} 2021, The Eleventh Symposium on Educational Advances in Artificial Intelligence, {\{}EAAI{\}} 2021, Vir},
    author = {Chen, Weizhe and Zhang, Weinan and Liu, Duo and Li, Weiping and Shi, Xiaojun and Fang, Fei},
    pages = {15270--15277},
    url = {https://ojs.aaai.org/index.php/AAAI/article/view/17792},
    keywords = {EMRG: Applied Machine Learning, EMRG: Artificial Intelligence For Social Good, EMRG: Computational Sustainability, EMRG: Route Planning, EMRG: Wildlife Conservation}
}

@article{Zhang2021DCNAS:Segmentation,
    title = {{DCNAS: Densely Connected Neural Architecture Search for Semantic Image Segmentation}},
    year = {2021},
    author = {Zhang, Xiong and Xu, Hongmin and Mo, Hong and Tan, Jianchao and Yang, Cheng and Wang, Lei and Ren, Wenqi},
    pages = {13951--13962},
    doi = {10.1109/cvpr46437.2021.01374},
    arxivId = {2003.11883}
}

@article{Xie2021DEAL:Segmentation,
    title = {{DEAL: Difficulty-Aware Active Learning for Semantic Segmentation}},
    year = {2021},
    journal = {Lecture Notes in Computer Science (including subseries Lecture Notes in Artificial Intelligence and Lecture Notes in Bioinformatics)},
    author = {Xie, Shuai and Feng, Zunlei and Chen, Ying and Sun, Songtao and Ma, Chao and Song, Mingli},
    pages = {672--688},
    volume = {12622 LNCS},
    isbn = {9783030695248},
    doi = {10.1007/978-3-030-69525-5{\_}40},
    issn = {16113349},
    arxivId = {2010.08705},
    keywords = {Active learning, Difficulty-aware, Semantic segmentation}
}

@article{Abraham2018DecentralizedSystems,
    title = {{Decentralized Ergodic Control: Distribution-Driven Sensing and Exploration for Multiagent Systems}},
    year = {2018},
    journal = {IEEE Robotics and Automation Letters},
    author = {Abraham, Ian and Murphey, Todd D.},
    number = {4},
    pages = {2987--2994},
    volume = {3},
    doi = {10.1109/LRA.2018.2849588},
    issn = {23773766},
    arxivId = {1806.05220},
    keywords = {Distributed robot systems, reactive and sensor-based planning, sensor-based control}
}

@article{Feng2019DeepDetector,
    title = {{Deep active learning for efficient training of a LiDAR 3D object detector}},
    year = {2019},
    journal = {IEEE Intelligent Vehicles Symposium, Proceedings},
    author = {Feng, Di and Wei, Xiao and Rosenbaum, Lars and Maki, Atsuto and Dietmayer, Klaus},
    pages = {667--674},
    volume = {2019-June},
    isbn = {9781728105604},
    doi = {10.1109/IVS.2019.8814236},
    arxivId = {1901.10609},
    keywords = {Active learning, Autonomous driving, Deep neural network, Object detection, Uncertainty estimation}
}

@article{Nagabandi2019DeepManipulation,
    title = {{Deep Dynamics Models for Learning Dexterous Manipulation}},
    year = {2019},
    author = {Nagabandi, Anusha and Konoglie, Kurt and Levine, Sergey and Kumar, Vikash},
    pages = {1--12},
    url = {http://arxiv.org/abs/1909.11652},
    arxivId = {1909.11652},
    keywords = {manipulation, model-based learning, robots}
}

@article{You2017DeepData,
    title = {{Deep Gaussian process for crop yield prediction based on remote sensing data}},
    year = {2017},
    journal = {31st AAAI Conference on Artificial Intelligence, AAAI 2017},
    author = {You, Jiaxuan and Li, Xiaocheng and Low, Melvin and Lobell, David and Ermon, Stefano},
    pages = {4559--4565},
    keywords = {Special Track on Computational Sustainability}
}

@article{Qi2018DeepSLAM,
    title = {{Deep Learning Based Semantic Labelling of 3D Point Cloud in Visual SLAM}},
    year = {2018},
    journal = {IOP Conference Series: Materials Science and Engineering},
    author = {Qi, Xuxiang and Yang, Shaowu and Yan, Yuejin},
    number = {1},
    volume = {428},
    doi = {10.1088/1757-899X/428/1/012023},
    issn = {1757899X}
}

@article{Mathis2018DeepLabCut:Learning,
    title = {{DeepLabCut: markerless pose estimation of user-defined body parts with deep learning}},
    year = {2018},
    journal = {Nature Neuroscience},
    author = {Mathis, Alexander and Mamidanna, Pranav and Cury, Kevin M. and Abe, Taiga and Murthy, Venkatesh N. and Mathis, Mackenzie Weygandt and Bethge, Matthias},
    number = {9},
    pages = {1281--1289},
    volume = {21},
    publisher = {Springer US},
    url = {http://dx.doi.org/10.1038/s41593-018-0209-y},
    doi = {10.1038/s41593-018-0209-y},
    issn = {15461726},
    pmid = {30127430}
}

@article{Bailey1983DelineationRegions,
    title = {{Delineation of ecosystem regions}},
    year = {1983},
    journal = {Environmental Management},
    author = {Bailey, Robert G.},
    number = {4},
    month = {7},
    pages = {365--373},
    volume = {7},
    publisher = {Springer-Verlag},
    doi = {10.1007/BF01866919},
    issn = {0364152X},
    keywords = {Ecological land classification, Ecoregions, Ecosystems, Mapping, Site production}
}

@article{Zhang2018DensityEstimation,
    title = {{Density Weighted Connectivity of Grass Pixels in image frames for biomass estimation}},
    year = {2018},
    journal = {Expert Systems with Applications},
    author = {Zhang, Ligang and Verma, Brijesh and Stockwell, David and Chowdhury, Sujan},
    pages = {213--227},
    volume = {101},
    publisher = {Elsevier Ltd},
    url = {https://doi.org/10.1016/j.eswa.2018.01.055},
    doi = {10.1016/j.eswa.2018.01.055},
    issn = {09574174},
    keywords = {Artificial neural networks, Gabor filter, Grass biomass, Image analysis, Roadside data analysis}
}

@article{Pita2011DeployedAirport,
    title = {{Deployed ARMOR protection: The application of a game-theoretic model for security at the Los Angeles international airport}},
    year = {2011},
    journal = {Security and Game Theory: Algorithms, Deployed Systems, Lessons Learned},
    author = {Pita, James and Jain, Manish and Marecki, Janusz and Ord{\'{o}}{\~{n}}ez, Fernando and Portway, Christopher and Tambe, Milind and Western, Craig and Paruchuri, Praveen and Kraus, Sarit},
    pages = {67--87},
    volume = {9781107096},
    isbn = {9780511973031},
    doi = {10.1017/CBO9780511973031.004},
    keywords = {bayesian and stackel-, game theory, security of agent systems}
}

@article{Fang2016DeployingSecurity,
    title = {{Deploying PAWS : Field Optimization of the Protection Assistant for Wildlife Security}},
    year = {2016},
    journal = {Proceedings of the Twenty-Eighth Innovative Applications of Artificial Intelligence Conference},
    author = {Fang, Fei and Nguyen, Thanh H and Pickles, Rob and Lam, Wai Y and Clements, Gopalasamy R and An, Bo and Singh, Amandeep and Tambe, Milind and Lemieux, Andrew},
    pages = {3966--3973},
    keywords = {Deployed Application Case Studies}
}

@article{Luft2018DetectingMaps,
    title = {{Detecting Changes in the Environment Based on Full Posterior Distributions over Real-Valued Grid Maps}},
    year = {2018},
    journal = {IEEE Robotics and Automation Letters},
    author = {Luft, Lukas and Schaefer, Alexander and Schubert, Tobias and Burgard, Wolfram},
    number = {2},
    pages = {1299--1305},
    volume = {3},
    doi = {10.1109/LRA.2018.2797317},
    issn = {23773766},
    keywords = {Mapping, range sensing}
}

@article{Author2022DetectingImagery,
    title = {{Detecting Floods from Cloudy Scenes : A Fusion Approach Using Sentinel-1 and Sentinel-2 Imagery}},
    year = {2022},
    author = {Author, Anonymous and Address, Affiliation},
    pages = {1--7}
}

@article{Kellenberger2018DetectingLearning,
    title = {{Detecting mammals in UAV images: Best practices to address a substantially imbalanced dataset with deep learning}},
    year = {2018},
    journal = {Remote Sensing of Environment},
    author = {Kellenberger, Benjamin and Marcos, Diego and Tuia, Devis},
    pages = {139--153},
    volume = {216},
    doi = {10.1016/j.rse.2018.06.028},
    issn = {00344257},
    arxivId = {1806.11368},
    keywords = {Animal census, Convolutional Neural Networks, Deep learning, Object detection, Unmanned Aerial Vehicles, Wildlife monitoring}
}

@article{Parmley2019DevelopmentSoybean,
    title = {{Development of optimized phenomic predictors for efficient plant breeding decisions using phenomic-assisted selection in soybean}},
    year = {2019},
    journal = {Plant Phenomics},
    author = {Parmley, Kyle and Nagasubramanian, Koushik and Sarkar, Soumik and Ganapathysubramanian, Baskar and Singh, Asheesh K.},
    volume = {2019},
    doi = {10.34133/2019/5809404},
    issn = {26436515}
}

@article{Acuna2019DevilAnnotations,
    title = {{Devil is in the edges: Learning semantic boundaries from noisy annotations}},
    year = {2019},
    journal = {Proceedings of the IEEE Computer Society Conference on Computer Vision and Pattern Recognition},
    author = {Acuna, David and Kar, Amlan and Fidler, Sanja},
    pages = {11067--11075},
    volume = {2019-June},
    isbn = {9781728132938},
    doi = {10.1109/CVPR.2019.01133},
    issn = {10636919},
    arxivId = {1904.07934},
    keywords = {Grouping and Shape, Low-level Vision, Segmentation}
}

@article{Wang2020DifferentialSegmentation,
    title = {{Differential treatment for stuff and things: A simple unsupervised domain adaptation method for semantic segmentation}},
    year = {2020},
    journal = {Proceedings of the IEEE Computer Society Conference on Computer Vision and Pattern Recognition},
    author = {Wang, Zhonghao and Yu, Mo and Wei, Yunchao and Feris, Rogerio and Xiong, Jinjun and Hwu, Wen Mei and Huang, Thomas S. and Shi, Honghui},
    pages = {12632--12641},
    doi = {10.1109/CVPR42600.2020.01265},
    issn = {10636919},
    arxivId = {2003.08040}
}

@article{Witmer2005DigitalCommonsConsiderations,
    title = {{DigitalCommons @ University of Nebraska - Lincoln Wildlife population monitoring : some practical considerations Wildlife population monitoring : some practical considerations}},
    year = {2005},
    author = {Witmer, Gary W},
    number = {March}
}

@article{Author2021DistributedFields,
    title = {{Distributed Deep Learning for Persistent Monitoring of agricultural Fields}},
    year = {2021},
    author = {Author, Anonymous and Address, Affiliation},
    pages = {1--6}
}

@article{Dergachev2021DistributedFinding,
    title = {{Distributed Multi-Agent Navigation Based on Reciprocal Collision Avoidance and Locally Confined Multi-Agent Path Finding}},
    year = {2021},
    journal = {IEEE International Conference on Automation Science and Engineering},
    author = {Dergachev, Stepan and Yakovlev, Konstantin},
    pages = {1489--1494},
    volume = {2021-Augus},
    publisher = {IEEE},
    isbn = {9781665418737},
    doi = {10.1109/CASE49439.2021.9551564},
    issn = {21618089},
    arxivId = {2107.00246}
}

@article{Pan2020DoGANs,
    title = {{Do 2D GANs Know 3D Shape? Unsupervised 3D shape reconstruction from 2D Image GANs}},
    year = {2020},
    author = {Pan, Xingang and Dai, Bo and Liu, Ziwei and Loy, Chen Change and Luo, Ping},
    pages = {1--18},
    url = {http://arxiv.org/abs/2011.00844},
    arxivId = {2011.00844}
}

@article{Tobin2017DomainWorld,
    title = {{Domain randomization for transferring deep neural networks from simulation to the real world}},
    year = {2017},
    journal = {IEEE International Conference on Intelligent Robots and Systems},
    author = {Tobin, Josh and Fong, Rachel and Ray, Alex and Schneider, Jonas and Zaremba, Wojciech and Abbeel, Pieter},
    pages = {23--30},
    volume = {2017-Septe},
    isbn = {9781538626825},
    doi = {10.1109/IROS.2017.8202133},
    issn = {21530866},
    arxivId = {1703.06907}
}

@article{Han2020DynamicSegmentation,
    title = {{Dynamic Scene Semantics SLAM Based on Semantic Segmentation}},
    year = {2020},
    journal = {IEEE Access},
    author = {Han, Shuangquan and Xi, Zhihong},
    pages = {43563--43570},
    volume = {8},
    doi = {10.1109/ACCESS.2020.2977684},
    issn = {21693536},
    keywords = {SLAM, indoor dynamic scene, semantic SLAM, semantic segmentation}
}

@article{Nguyen2021EarlyLearning,
    title = {{Early detection of plant viral disease using hyperspectral imaging and deep learning}},
    year = {2021},
    journal = {Sensors (Switzerland)},
    author = {Nguyen, Canh and Sagan, Vasit and Maimaitiyiming, Matthew and Maimaitijiang, Maitiniyazi and Bhadra, Sourav and Kwasniewski, Misha T.},
    number = {3},
    pages = {1--23},
    volume = {21},
    doi = {10.3390/s21030742},
    issn = {14248220},
    pmid = {33499335},
    keywords = {2D-CNN, 3D-CNN, Grapevine vein-clearing virus (GVCV), Machine learning, Plant disease, Spectral statistics}
}

@article{Hao2021EdgeFlow:Flow,
    title = {{EdgeFlow: Achieving Practical Interactive Segmentation with Edge-Guided Flow}},
    year = {2021},
    author = {Hao, Yuying and Liu, Yi and Wu, Zewu and Han, Lin and Chen, Yizhou and Chen, Guowei and Chu, Lutao and Tang, Shiyu and Yu, Zhiliang and Chen, Zeyu and Lai, Baohua},
    url = {http://arxiv.org/abs/2109.09406},
    arxivId = {2109.09406}
}

@article{Davies2016EffectsThicket,
    title = {{Effects of vegetation structure on the location of lion kill sites in African thicket}},
    year = {2016},
    journal = {PLoS ONE},
    author = {Davies, Andrew B. and Tambling, Craig J. and Kerley, Graham I.H. and Asner, Gregory P.},
    number = {2},
    pages = {1--20},
    volume = {11},
    doi = {10.1371/journal.pone.0149098},
    issn = {19326203},
    pmid = {26910832}
}

@article{Chan2021EfficientNetworks,
    title = {{Efficient Geometry-aware 3D Generative Adversarial Networks}},
    year = {2021},
    author = {Chan, Eric R. and Lin, Connor Z. and Chan, Matthew A. and Nagano, Koki and Pan, Boxiao and De Mello, Shalini and Gallo, Orazio and Guibas, Leonidas and Tremblay, Jonathan and Khamis, Sameh and Karras, Tero and Wetzstein, Gordon},
    url = {http://arxiv.org/abs/2112.07945},
    arxivId = {2112.07945}
}

@article{Singh2009EfficientRobots,
    title = {{Efficient Informative Sensing using Multiple Robots}},
    year = {2009},
    journal = {Journal of Artificial Intelligence Research},
    author = {Singh, Amarjeet and Krause, Andreas and Guestrin, Carlos and Kaiser, William J.},
    pages = {707--755},
    volume = {34},
    doi = {10.1613/jair.2674},
    issn = {10769757}
}

@article{Choudhury2021EfficientNetworks,
    title = {{Efficient large-scale multi-drone delivery using transit networks}},
    year = {2021},
    journal = {Journal of Artificial Intelligence Research},
    author = {Choudhury, Shushman and Solovey, Kiril and Kochenderfer, Mykel J. and Pavone, Marco},
    number = {978},
    pages = {757--788},
    volume = {70},
    isbn = {9781728173955},
    doi = {10.1613/JAIR.1.12450},
    issn = {10769757},
    arxivId = {1909.11840}
}

@article{Wong2020EfficientNetwork,
    title = {{Efficient Outdoor Video Semantic Segmentation Using Feedback-Based Fully Convolution Neural Network}},
    year = {2020},
    journal = {IEEE Transactions on Industrial Informatics},
    author = {Wong, Chi Chong and Gan, Yanfen and Vong, Chi Man},
    number = {8},
    pages = {5128--5136},
    volume = {16},
    publisher = {IEEE},
    doi = {10.1109/TII.2019.2950031},
    issn = {19410050},
    keywords = {Feedback network, fully convolution, image segmentation}
}

@article{Beery2019EfficientReview,
    title = {{Efficient Pipeline for Camera Trap Image Review}},
    year = {2019},
    author = {Beery, Sara and Morris, Dan and Yang, Siyu},
    url = {http://arxiv.org/abs/1907.06772},
    arxivId = {1907.06772},
    keywords = {8, biodiversity monitoring, but further analysis has, camera traps, classification, classification in camera trap, data, detection, good results on automated, previous work has shown, shown, species}
}

@article{Kenwood2014EfficientForests,
    title = {{Efficient procedural generation of forests}},
    year = {2014},
    journal = {Journal of WSCG},
    author = {Kenwood, Julian and Gain, James and Marais, Patrick},
    number = {1},
    pages = {31--38},
    volume = {22},
    issn = {12136964},
    keywords = {Instancing, L-systems, Procedural tree generation}
}

@article{Bousselham2021EfficientSegmentation,
    title = {{Efficient Self-Ensemble Framework for Semantic Segmentation}},
    year = {2021},
    author = {Bousselham, Walid and Thibault, Guillaume and Pagano, Lucas and Machireddy, Archana and Gray, Joe and Chang, Young Hwan and Song, Xubo},
    url = {http://arxiv.org/abs/2111.13280},
    arxivId = {2111.13280}
}

@article{Laine2011EfficientOctrees,
    title = {{Efficient sparse voxel octrees}},
    year = {2011},
    journal = {IEEE Transactions on Visualization and Computer Graphics},
    author = {Laine, Samuli and Karras, Tero},
    number = {8},
    pages = {1048--1059},
    volume = {17},
    doi = {10.1109/TVCG.2010.240},
    issn = {10772626},
    pmid = {21041879},
    keywords = {CUDA, GPU, Voxel, octree, ray tracing, volumetric image representation}
}

@article{Nigam2018EnsembleSegmentation,
    title = {{Ensemble Knowledge Transfer for Semantic Segmentation}},
    year = {2018},
    journal = {Proceedings - 2018 IEEE Winter Conference on Applications of Computer Vision, WACV 2018},
    author = {Nigam, Ishan and Huang, Chen and Ramanan, Deva},
    pages = {1499--1508},
    volume = {2018-Janua},
    publisher = {IEEE},
    isbn = {9781538648865},
    doi = {10.1109/WACV.2018.00168}
}

@article{Edelson2020ErgodicGathering,
    title = {{Ergodic Trajectory Optimization for Information Gathering}},
    year = {2020},
    author = {Edelson, Kevin}
}

@article{Alonso-mora2018Erratum:10.1073/pnas.1611675114,
    title = {{Erratum: On-demand high-capacity ride-sharing via dynamic trip-vehicle assignment (Proceedings of the National Academy of Sciences of the United States of America USA (2017) (114) (462–467) DOI: 10.1073/pnas.1611675114)}},
    year = {2018},
    journal = {Proceedings of the National Academy of Sciences of the United States of America},
    author = {Alonso-mora, Javier and Wallar, Alex and Frazzoli, Emilio and Rus, Daniela and Alonso-mora, Javier and Samaranayake, Samitha and Wallar, Alex and Frazzoli, Emilio and Rus, Daniela},
    number = {3},
    pages = {E555},
    volume = {115},
    doi = {10.1073/pnas.1721622115},
    issn = {10916490},
    pmid = {29311310}
}

@article{Alonso-mora2018Erratum:10.1073/pnas.1611675114b,
    title = {{Erratum: On-demand high-capacity ride-sharing via dynamic trip-vehicle assignment (Proceedings of the National Academy of Sciences of the United States of America USA (2017) (114) (462–467) DOI: 10.1073/pnas.1611675114)}},
    year = {2018},
    journal = {Proceedings of the National Academy of Sciences of the United States of America},
    author = {Alonso-mora, Javier and Wallar, Alex and Frazzoli, Emilio and Rus, Daniela and Alonso-mora, Javier and Samaranayake, Samitha and Wallar, Alex and Frazzoli, Emilio and Rus, Daniela},
    number = {3},
    pages = {E555},
    volume = {115},
    doi = {10.1073/pnas.1721622115},
    issn = {10916490},
    pmid = {29311310}
}

@misc{KoushikNagasubramanian1AsheeshKSingh2ArtiSingh2SoumikSarkar3Essoar.10508864.pdf,
    title = {{essoar.10508864.pdf}},
    author = {Koushik Nagasubramanian1, Asheesh K Singh2, Arti Singh2, Soumik Sarkar3, Baskar Ganapathysubramanian}
}

@article{Ibrahim2011ExtendedMapping,
    title = {{Extended Kalman Filter Simultaneous Localization and Mapping}},
    year = {2011},
    author = {Ibrahim, Omar Shaaban},
    number = {July 2011}
}

@article{Burt2019ExtractingTreeseg,
    title = {{Extracting individual trees from lidar point clouds using treeseg}},
    year = {2019},
    journal = {Methods in Ecology and Evolution},
    author = {Burt, Andrew and Disney, Mathias and Calders, Kim},
    number = {3},
    pages = {438--445},
    volume = {10},
    doi = {10.1111/2041-210X.13121},
    issn = {2041210X},
    keywords = {extraction, forests, laser scanning, lidar, point cloud, segmentation, trees}
}

@article{Sofiiuk2020F-BRS:Segmentation,
    title = {{F-BRS: Rethinking backpropagating refinement for interactive segmentation}},
    year = {2020},
    journal = {Proceedings of the IEEE Computer Society Conference on Computer Vision and Pattern Recognition},
    author = {Sofiiuk, Konstantin and Petrov, Ilia and Barinova, Olga and Konushin, Anton},
    pages = {8620--8629},
    doi = {10.1109/CVPR42600.2020.00865},
    issn = {10636919},
    arxivId = {2001.10331}
}

@article{Sofiiuk2020F-BRS:Segmentationb,
    title = {{F-BRS: Rethinking backpropagating refinement for interactive segmentation}},
    year = {2020},
    journal = {Proceedings of the IEEE Computer Society Conference on Computer Vision and Pattern Recognition},
    author = {Sofiiuk, Konstantin and Petrov, Ilia and Barinova, Olga and Konushin, Anton},
    pages = {8620--8629},
    doi = {10.1109/CVPR42600.2020.00865},
    issn = {10636919},
    arxivId = {2001.10331}
}

@article{Flanigan2021FairAssemblies,
    title = {{Fair algorithms for selecting citizens’ assemblies}},
    year = {2021},
    journal = {Nature},
    author = {Flanigan, Bailey and G{\"{o}}lz, Paul and Gupta, Anupam and Hennig, Brett and Procaccia, Ariel D.},
    number = {7873},
    pages = {548--552},
    volume = {596},
    publisher = {Springer US},
    url = {http://dx.doi.org/10.1038/s41586-021-03788-6},
    doi = {10.1038/s41586-021-03788-6},
    issn = {14764687},
    pmid = {34349266}
}

@article{Flanigan2021FairAssembliesb,
    title = {{Fair algorithms for selecting citizens’ assemblies}},
    year = {2021},
    journal = {Nature},
    author = {Flanigan, Bailey and G{\"{o}}lz, Paul and Gupta, Anupam and Hennig, Brett and Procaccia, Ariel D.},
    number = {7873},
    pages = {548--552},
    volume = {596},
    publisher = {Springer US},
    url = {http://dx.doi.org/10.1038/s41586-021-03788-6},
    doi = {10.1038/s41586-021-03788-6},
    issn = {14764687},
    pmid = {34349266}
}

@article{Flanigan2021FairAssembliesc,
    title = {{Fair algorithms for selecting citizens’ assemblies}},
    year = {2021},
    journal = {Nature},
    author = {Flanigan, Bailey and G{\"{o}}lz, Paul and Gupta, Anupam and Hennig, Brett and Procaccia, Ariel D.},
    number = {7873},
    pages = {548--552},
    volume = {596},
    doi = {10.1038/s41586-021-03788-6},
    issn = {14764687},
    pmid = {34349266}
}

@article{Goel2019FastExperimentation,
    title = {{Fast Exploration Using Multirotors: Analysis, Planning, and Experimentation}},
    year = {2019},
    journal = {CMU RI Technical Report},
    author = {Goel, Kshitij and Corah, Micah and Nathan, Michael},
    number = {February},
    pages = {1--9}
}

@article{Palubinskas2013FastMethod,
    title = {{Fast, simple, and good pan-sharpening method}},
    year = {2013},
    journal = {Journal of Applied Remote Sensing},
    author = {Palubinskas, Gintautas},
    number = {1},
    pages = {073526},
    volume = {7},
    doi = {10.1117/1.jrs.7.073526},
    issn = {1931-3195},
    keywords = {2012, 2013, 21, 5, 9, accepted for, image fusion, multiresolution, multisensor, paper 12404 received nov, publication jul, published online aug, quality assessment, revised manuscript received mar}
}

@article{2014Figure1,
    title = {{Figure 1: A simple three degree of freedom manipulator. 1}},
    year = {2014},
    number = {c},
    pages = {1--5}
}

@article{Pantazis2021FocusMonitoring,
    title = {{Focus on the Positives : Self-Supervised Learning for Biodiversity Monitoring}},
    year = {2021},
    journal = {Iccv},
    author = {Pantazis, Omiros and Brostow, Gabriel J and Jones, Kate E and Mac, Oisin}
}

@article{ArticleForestMosaic,
    title = {{Forest Ecology and Management Interaction between cattle and fire shapes vegetation dynamics in a tropical forest- grassland mosaic}},
    author = {Article, Full Length and Forest, Atlantic}
}

@article{Dickerson2015FutureMatch:Environments,
    title = {{FutureMatch: Combining human value judgments and machine learning to match in dynamic environments}},
    year = {2015},
    journal = {Proceedings of the National Conference on Artificial Intelligence},
    author = {Dickerson, John P. and Sandholm, Tuomas},
    pages = {622--628},
    volume = {1},
    isbn = {9781577356998},
    doi = {10.1609/aaai.v29i1.9239},
    issn = {2159-5399}
}

@article{Dickerson2015FutureMatch:Environmentsb,
    title = {{FutureMatch: Combining human value judgments and machine learning to match in dynamic environments}},
    year = {2015},
    journal = {Proceedings of the National Conference on Artificial Intelligence},
    author = {Dickerson, John P. and Sandholm, Tuomas},
    pages = {622--628},
    volume = {1},
    isbn = {9781577356998},
    doi = {10.1609/aaai.v29i1.9239},
    issn = {2159-5399}
}

@article{OMeadhra2018GaussianModels,
    title = {{Gaussian Mixture Models}},
    year = {2018},
    journal = {IEEE ROBOTICS AND AUTOMATION LETTERS},
    author = {O’Meadhra, Cormac and Wennie, Tabib and Nathan, Michael},
    number = {2},
    pages = {245--261},
    volume = {4},
    publisher = {IEEE},
    doi = {10.1142/9789813271234{\_}0013}
}

@article{Potter2017GeneratingGeneration,
    title = {{Generating a Virtual Forest Environment using Procedural Content Generation}},
    year = {2017},
    author = {Potter, Liam},
    number = {November}
}

@article{BittnerGeneratingApplications,
    title = {{Generating Synthetic Multispectral Images for Semantic Segmentation in Forestry Applications}},
    author = {Bittner, Dominik and Ferreira, Filipe and Andrada, Maria Eduarda and Bird, Jordan J}
}

@article{Jaroensri2019GeneratingSimulation,
    title = {{Generating Training Data for Denoising Real RGB Images via Camera Pipeline Simulation}},
    year = {2019},
    author = {Jaroensri, Ronnachai and Biscarrat, Camille and Aittala, Miika and Durand, Frédo},
    url = {http://arxiv.org/abs/1904.08825},
    arxivId = {1904.08825}
}

@article{WeinsteinGeographic1,
    title = {{Geographic Generalization in Airborne RGB Deep Learning Tree Detection 1}},
    author = {Weinstein, Ben G and Marconi, Sergio and Bohlman, Stephanie A and Zare, Alina},
    url = {https://doi.org/10.1101/790071},
    doi = {10.1101/790071},
    keywords = {Airborne LiDAR 10, Tree Crown Detection, RGB Deep learning, object detection}
}

@article{Kellenberger2019HalfLearning,
    title = {{Half a percent of labels is enough: Efficient animal detection in UAV imagery using deep CNNs and active learning}},
    year = {2019},
    journal = {IEEE Transactions on Geoscience and Remote Sensing},
    author = {Kellenberger, Benjamin and Marcos, Diego and Lobry, Sylvain and Tuia, Devis},
    number = {12},
    pages = {9524--9533},
    volume = {57},
    publisher = {IEEE},
    doi = {10.1109/TGRS.2019.2927393},
    issn = {15580644},
    arxivId = {1907.07319},
    keywords = {Active Learning (AL), Optimal Transport (OT), animal census, convolutional neural networks, domain adaptation, object detection, unmanned aerial vehicles}
}

@article{Shaw1969HealthView,
    title = {{Health Authorities' View}},
    year = {1969},
    journal = {Journal of the Royal Society of Medicine},
    author = {Shaw, R. M.},
    number = {4},
    pages = {396--398},
    volume = {62},
    doi = {10.1177/003591576906200449},
    issn = {01410768},
    pmid = {5811959},
    keywords = {3, 4, 8, ar, computer graphics, dense reconstruction, depth cameras, gpu, i, image genera-, image processing and com-, index terms, picture, real-time, scanning, slam, tion - digitizing and, tracking, volumetric representation}
}

@article{Tao2020HierarchicalSegmentation,
    title = {{Hierarchical Multi-Scale Attention for Semantic Segmentation}},
    year = {2020},
    author = {Tao, Andrew and Sapra, Karan and Catanzaro, Bryan},
    pages = {1--11},
    url = {http://arxiv.org/abs/2005.10821},
    issn = {2331-8422},
    arxivId = {2005.10821}
}

@article{Crall2012HotSpotterSundaresan,
    title = {{HotSpotter - Patterned Species Instance Recognition Siva R . Sundaresan}},
    year = {2012},
    author = {Crall, Jonathan P and Stewart, Charles V and Berger-wolf, Tanya Y and Rubenstein, Daniel I},
    pages = {230--237},
    publisher = {IEEE},
    isbn = {9781467350525}
}

@article{Adao2017HyperspectralForestry,
    title = {{Hyperspectral imaging: A review on UAV-based sensors, data processing and applications for agriculture and forestry}},
    year = {2017},
    journal = {Remote Sensing},
    author = {Ad{\~{a}}o, Telmo and Hru{\v{s}}ka, Jonáš and P{\'{a}}dua, Luís and Bessa, José and Peres, Emanuel and Morais, Raul and Sousa, Joaquim João},
    number = {11},
    volume = {9},
    doi = {10.3390/rs9111110},
    issn = {20724292},
    keywords = {Agriculture, Agroforestry, Forestry, Hyperspectral, Hyperspectral data processing, Hyperspectral sensors, UAS, UAV}
}

@article{Adao2017HyperspectralForestryb,
    title = {{Hyperspectral imaging: A review on UAV-based sensors, data processing and applications for agriculture and forestry}},
    year = {2017},
    journal = {Remote Sensing},
    author = {Ad{\~{a}}o, Telmo and Hru{\v{s}}ka, Jonáš and P{\'{a}}dua, Luís and Bessa, José and Peres, Emanuel and Morais, Raul and Sousa, Joaquim João},
    number = {11},
    volume = {9},
    doi = {10.3390/rs9111110},
    issn = {20724292},
    keywords = {Agriculture, Agroforestry, Forestry, Hyperspectral, Hyperspectral data processing, Hyperspectral sensors, UAS, UAV}
}

@article{Loncan2015HyperspectralReview,
    title = {{Hyperspectral Pansharpening: A Review}},
    year = {2015},
    journal = {IEEE Geoscience and Remote Sensing Magazine},
    author = {Loncan, Laetitia and De Almeida, Luis B. and Bioucas-Dias, Jose M. and Briottet, Xavier and Chanussot, Jocelyn and Dobigeon, Nicolas and Fabre, Sophie and Liao, Wenzhi and Licciardi, Giorgio A. and Simoes, Miguel and Tourneret, Jean Yves and Veganzones, Miguel Angel and Vivone, Gemine and Wei, Qi and Yokoya, Naoto},
    number = {3},
    pages = {27--46},
    volume = {3},
    doi = {10.1109/MGRS.2015.2440094},
    issn = {21686831},
    arxivId = {1504.04531}
}

@article{Liu2018ICE-BA:SLAM,
    title = {{ICE-BA: Incremental, Consistent and Efficient Bundle Adjustment for Visual-Inertial SLAM}},
    year = {2018},
    journal = {Proceedings of the IEEE Computer Society Conference on Computer Vision and Pattern Recognition},
    author = {Liu, Haomin and Chen, Mingyu and Zhang, Guofeng and Bao, Hujun and Bao, Yingze},
    pages = {1974--1982},
    isbn = {9781538664209},
    doi = {10.1109/CVPR.2018.00211},
    issn = {10636919}
}

@article{Murez2018ImageAdaptation,
    title = {{Image to Image Translation for Domain Adaptation}},
    year = {2018},
    journal = {Proceedings of the IEEE Computer Society Conference on Computer Vision and Pattern Recognition},
    author = {Murez, Zak and Kolouri, Soheil and Kriegman, David and Ramamoorthi, Ravi and Kim, Kyungnam},
    pages = {4500--4509},
    isbn = {9781538664209},
    doi = {10.1109/CVPR.2018.00473},
    issn = {10636919},
    arxivId = {1712.00479}
}

@article{Isola2017Image-to-imageNetworks,
    title = {{Image-to-image translation with conditional adversarial networks}},
    year = {2017},
    journal = {Proceedings - 30th IEEE Conference on Computer Vision and Pattern Recognition, CVPR 2017},
    author = {Isola, Phillip and Zhu, Jun Yan and Zhou, Tinghui and Efros, Alexei A.},
    pages = {5967--5976},
    volume = {2017-Janua},
    isbn = {9781538604571},
    doi = {10.1109/CVPR.2017.632},
    arxivId = {1611.07004}
}

@article{Sodhi2017In-fieldImaging,
    title = {{In-field segmentation and identification of plant structures using 3D imaging}},
    year = {2017},
    journal = {IEEE International Conference on Intelligent Robots and Systems},
    author = {Sodhi, Paloma and Vijayarangan, Srinivasan and Wettergreen, David},
    pages = {5180--5187},
    volume = {2017-Septe},
    isbn = {9781538626825},
    doi = {10.1109/IROS.2017.8206407},
    issn = {21530866}
}

@article{Zhi2021In-PlaceRepresentation,
    title = {{In-Place Scene Labelling and Understanding with Implicit Scene Representation}},
    year = {2021},
    author = {Zhi, Shuaifeng and Laidlow, Tristan and Leutenegger, Stefan and Davison, Andrew J.},
    url = {http://arxiv.org/abs/2103.15875},
    arxivId = {2103.15875}
}

@article{Detection2023IndividualLearning,
    title = {{Individual Tree-Crown Detection and Species Identification in Heterogeneous Forests Using Aerial RGB Imagery and Deep Learning}},
    year = {2023},
    author = {Detection, Individual Tree-crown and Learning, Deep},
    keywords = {cnn, conifer and deciduous species, convolutional neural network, forest monitoring, temperate forest, tree species geolocation}
}

@article{Weinstein2019IndividualNetworks,
    title = {{Individual tree-crown detection in rgb imagery using semi-supervised deep learning neural networks}},
    year = {2019},
    journal = {Remote Sensing},
    author = {Weinstein, Ben G. and Marconi, Sergio and Bohlman, Stephanie and Zare, Alina and White, Ethan},
    number = {11},
    pages = {1--13},
    volume = {11},
    doi = {10.3390/rs11111309},
    issn = {20724292},
    keywords = {Deep learning, Detection, LIDAR, NEON, RGB, Remote sensing, Trees}
}

@article{Weinstein2019IndividualNetworksb,
    title = {{Individual tree-crown detection in rgb imagery using semi-supervised deep learning neural networks}},
    year = {2019},
    journal = {Remote Sensing},
    author = {Weinstein, Ben G. and Marconi, Sergio and Bohlman, Stephanie and Zare, Alina and White, Ethan},
    number = {11},
    month = {6},
    volume = {11},
    publisher = {MDPI AG},
    doi = {10.3390/rs11111309},
    issn = {20724292},
    keywords = {Deep learning, Detection, LIDAR, NEON, RGB, Remote sensing, Trees}
}

@article{Charrow2015Information-theoreticInformation,
    title = {{Information-theoretic mapping using Cauchy-Schwarz Quadratic Mutual Information}},
    year = {2015},
    journal = {Proceedings - IEEE International Conference on Robotics and Automation},
    author = {Charrow, Benjamin and Liu, Sikang and Kumar, Vijay and Michael, Nathan},
    number = {June},
    pages = {4791--4798},
    volume = {2015-June},
    publisher = {IEEE},
    isbn = {9781479969234},
    doi = {10.1109/ICRA.2015.7139865},
    issn = {10504729}
}

@article{Popovic2020InformativeUncertainty,
    title = {{Informative Path Planning for Active Field Mapping under Localization Uncertainty}},
    year = {2020},
    journal = {Proceedings - IEEE International Conference on Robotics and Automation},
    author = {Popovic, Marija and Vidal-Calleja, Teresa and Chung, Jen Jen and Nieto, Juan and Siegwart, Roland},
    pages = {10751--10757},
    isbn = {9781728173955},
    doi = {10.1109/ICRA40945.2020.9197034},
    issn = {10504729},
    arxivId = {1902.09660}
}

@article{Fernandez2022InformativeAnalysis,
    title = {{Informative Path Planning to Estimate Quantiles for Environmental Analysis}},
    year = {2022},
    journal = {IEEE Robotics and Automation Letters},
    author = {Fernandez, Isabel M.Rayas and Denniston, Christopher E. and Caron, David A. and Sukhatme, Gaurav S.},
    number = {4},
    pages = {10280--10287},
    volume = {7},
    doi = {10.1109/LRA.2022.3191936},
    issn = {23773766},
    arxivId = {2201.10633},
    keywords = {Field robots, environment monitoring and management, marine robotics, planning under uncertainty}
}

@article{Weideman2017IntegralWhales,
    title = {{Integral curvature representation and matching algorithms for identification of dolphins and whales}},
    year = {2017},
    journal = {Proceedings - 2017 IEEE International Conference on Computer Vision Workshops, ICCVW 2017},
    author = {Weideman, Hendrik J. and Jablons, Zachary M. and Holmberg, Jason and Flynn, Kiirsten and Calambokidis, John and Tyson, Reny B. and Allen, Jason B. and Wells, Randall S. and Hupman, Krista and Urian, Kim and Stewart, Charles V.},
    pages = {2831--2839},
    volume = {2018-Janua},
    isbn = {9781538610343},
    doi = {10.1109/ICCVW.2017.334},
    arxivId = {1708.07785}
}

@article{Andrada2022IntegrationRobotics,
    title = {{Integration of an Artificial Perception System for Identification of Live Flammable Material in Forestry Robotics}},
    year = {2022},
    author = {Andrada, M Eduarda and Ferreira, Joao F and Couceiro, Micael S},
    publisher = {IEEE},
    isbn = {9781665445405}
}

@article{Tejasri2020IntelligentNetworks,
    title = {{Intelligent Drought Stress Monitoring on Spatio-Spectral-Temporal Drone based Crop Imagery using Deep Networks}},
    year = {2020},
    author = {Tejasri, N and Rajalakshmi, P and Naik, Balaji and Desai, Uday B and Edge, Red}
}

@article{Zhang2011InverseKinematics,
    title = {{Inverse Kinematics}},
    year = {2011},
    journal = {Xitong Fangzhen Xuebao / Journal of System Simulation},
    author = {Zhang, Fang and Si, Guang Ya and Luo, Pi},
    number = {11},
    pages = {2482--2486},
    volume = {23},
    issn = {1004731X},
    keywords = {Communication functions, Faintness, Pertinence, Rumor propagation, Uncertainty}
}

@article{Lottes2018JointFarming,
    title = {{Joint Stem Detection and Crop-Weed Classification for Plant-Specific Treatment in Precision Farming}},
    year = {2018},
    journal = {IEEE International Conference on Intelligent Robots and Systems},
    author = {Lottes, Philipp and Behley, Jens and Chebrolu, Nived and Milioto, Andres and Stachniss, Cyrill},
    pages = {8233--8238},
    volume = {2018},
    isbn = {9781538680940},
    doi = {10.1109/IROS.2018.8593678},
    issn = {21530866},
    arxivId = {1806.03413}
}

@article{Rosinol2021Kimera:Graphs,
    title = {{Kimera: from SLAM to Spatial Perception with 3D Dynamic Scene Graphs}},
    year = {2021},
    author = {Rosinol, Antoni and Violette, Andrew and Abate, Marcus and Hughes, Nathan and Chang, Yun and Shi, Jingnan and Gupta, Arjun and Carlone, Luca},
    number = {Id 100010434},
    volume = {11680088},
    url = {http://arxiv.org/abs/2101.06894},
    doi = {10.1177/02783649211056674},
    issn = {17413176},
    arxivId = {2101.06894}
}

@article{Yang2020LeafyRecordings,
    title = {{Leafy Vegetables Using Video Recordings}},
    year = {2020},
    author = {Yang, Zishang and Han, Yuxing},
    pages = {1--15},
    keywords = {machine vision, plant phenotyping, point cloud, sfm}
}

@article{Girdhar2016LearningObjects,
    title = {{Learning a predictable and generative vector representation for objects}},
    year = {2016},
    journal = {Lecture Notes in Computer Science (including subseries Lecture Notes in Artificial Intelligence and Lecture Notes in Bioinformatics)},
    author = {Girdhar, Rohit and Fouhey, David F. and Rodriguez, Mikel and Gupta, Abhinav},
    pages = {484--499},
    volume = {9910 LNCS},
    isbn = {9783319464657},
    doi = {10.1007/978-3-319-46466-4{\_}29},
    issn = {16113349},
    arxivId = {1603.08637}
}

@article{Wu2016LearningModeling,
    title = {{Learning a probabilistic latent space of object shapes via 3D generative-adversarial modeling}},
    year = {2016},
    journal = {Advances in Neural Information Processing Systems},
    author = {Wu, Jiajun and Zhang, Chengkai and Xue, Tianfan and Freeman, William T. and Tenenbaum, Joshua B.},
    number = {Nips},
    pages = {82--90},
    issn = {10495258},
    arxivId = {1610.07584}
}

@article{Ma2022LearningFinding,
    title = {{Learning Selective Communication for Multi-Agent Path Finding}},
    year = {2022},
    journal = {IEEE Robotics and Automation Letters},
    author = {Ma, Ziyuan and Luo, Yudong and Pan, Jia},
    number = {2},
    pages = {1455--1462},
    volume = {7},
    doi = {10.1109/LRA.2021.3139145},
    issn = {23773766},
    arxivId = {2109.05413},
    keywords = {Motion and path planning, Path planning for multiple mobile robots or agents, Reinforcement learning}
}

@article{Jiang2020LearningImagery,
    title = {{Learning Spatial-Spectral Prior for Super-Resolution of Hyperspectral Imagery}},
    year = {2020},
    journal = {IEEE Transactions on Computational Imaging},
    author = {Jiang, Junjun and Sun, He and Liu, Xianming and Ma, Jiayi},
    number = {Xxx},
    pages = {1082--1096},
    volume = {6},
    doi = {10.1109/TCI.2020.2996075},
    issn = {23339403},
    arxivId = {2005.08752},
    keywords = {Hyperspectral remote sensing, deep convolutional neural networks (DCNNs), image super-resolution, spatial-spectral prior}
}

@article{Huang2021LearningSearch,
    title = {{Learning to Resolve Conflicts for Multi-Agent Path Finding with Conflict-Based Search}},
    year = {2021},
    journal = {35th AAAI Conference on Artificial Intelligence, AAAI 2021},
    author = {Huang, Taoan and Koenig, Sven and Dilkina, Bistra},
    pages = {11246--11253},
    volume = {13A},
    isbn = {9781713835974},
    doi = {10.1609/aaai.v35i13.17341},
    issn = {2159-5399},
    arxivId = {2012.06005},
    keywords = {Machine Learning: Optimization, Multiagent Systems: Multiagent Planning, Planning {\&} Routing {\&} Scheduling: Planning/Scheduli, Search and Optimization: Heuristic Search}
}

@article{Riemenschneider2014LearningSegmentation,
    title = {{Learning where to classify in multi-view semantic segmentation}},
    year = {2014},
    journal = {Lecture Notes in Computer Science (including subseries Lecture Notes in Artificial Intelligence and Lecture Notes in Bioinformatics)},
    author = {Riemenschneider, Hayko and B{\'{o}}dis-Szomor{\'{u}}, András and Weissenberg, Julien and Van Gool, Luc},
    number = {PART 5},
    pages = {516--532},
    volume = {8693 LNCS},
    doi = {10.1007/978-3-319-10602-1{\_}34},
    issn = {16113349},
    keywords = {efficiency, importance, labeling, multi-view, ranking, redundancy, semantic segmentation, view selection}
}

@article{Ma2017LifelongTasks,
    title = {{Lifelong multi-Agent path finding for online pickup and delivery tasks}},
    year = {2017},
    journal = {Proceedings of the International Joint Conference on Autonomous Agents and Multiagent Systems, AAMAS},
    author = {Ma, Hang and Kumar, T. K.Satish and Li, Jiaoyang and Koenig, Sven},
    number = {Aamas},
    pages = {837--845},
    volume = {2},
    isbn = {9781510855076},
    doi = {10.5555/3091125.3091243},
    issn = {15582914},
    arxivId = {1705.10868},
    keywords = {Agent coordination, Multi-Agent path finding, Path planning, Pickup and delivery tasks, Task assignment}
}

@article{Ma2017LifelongTasksb,
    title = {{Lifelong multi-Agent path finding for online pickup and delivery tasks}},
    year = {2017},
    journal = {Proceedings of the International Joint Conference on Autonomous Agents and Multiagent Systems, AAMAS},
    author = {Ma, Hang and Kumar, T. K.Satish and Li, Jiaoyang and Koenig, Sven},
    number = {Aamas},
    pages = {837--845},
    volume = {2},
    isbn = {9781510855076},
    issn = {15582914},
    arxivId = {1705.10868},
    keywords = {Agent coordination, Multi-Agent path finding, Path planning, Pickup and delivery tasks, Task assignment}
}

@article{Parmley2019MachineBreeding,
    title = {{Machine Learning Approach for Prescriptive Plant Breeding}},
    year = {2019},
    journal = {Scientific Reports},
    author = {Parmley, Kyle A. and Higgins, Race H. and Ganapathysubramanian, Baskar and Sarkar, Soumik and Singh, Asheesh K.},
    number = {1},
    pages = {1--12},
    volume = {9},
    publisher = {Springer US},
    url = {http://dx.doi.org/10.1038/s41598-019-53451-4},
    doi = {10.1038/s41598-019-53451-4},
    issn = {20452322},
    pmid = {31748577}
}

@article{2021MachineVision,
    title = {{Machine Learning for 3D Vision}},
    year = {2021},
    journal = {Computer Vision},
    pages = {781--781},
    doi = {10.1007/978-3-030-63416-2{\_}300354}
}

@article{Li2022MAPF-LNS2:Search,
    title = {{MAPF-LNS2: Fast Repairing for Multi-Agent Path Finding via Large Neighborhood Search}},
    year = {2022},
    journal = {Proceedings of the AAAI Conference on Artificial Intelligence},
    author = {Li, Jiaoyang and Chen, Zhe and Harabor, Daniel and Stuckey, Peter J. and Koenig, Sven},
    number = {9},
    pages = {10256--10265},
    volume = {36},
    doi = {10.1609/aaai.v36i9.21266},
    issn = {2159-5399},
    keywords = {AAAI-22: Multiagent Systems (MAS), AAAI-22: Planning {\&} Routing {\&} Scheduling (PRS), AAAI-22: Search And Optimization (SO)}
}

@article{Liu2020MAPPER:Environments,
    title = {{MAPPER: Multi-agent path planning with evolutionary reinforcement learning in mixed dynamic environments}},
    year = {2020},
    journal = {IEEE International Conference on Intelligent Robots and Systems},
    author = {Liu, Zuxin and Chen, Baiming and Zhou, Hongyi and Koushik, Guru and Hebert, Martial and Zhao, Ding},
    pages = {11748--11754},
    isbn = {9781728162126},
    doi = {10.1109/IROS45743.2020.9340876},
    issn = {21530866},
    arxivId = {2007.15724}
}

@article{FeganMappingIn,
    title = {{Mapping desertification in}},
    author = {Fegan, Grace},
    pages = {1--4},
    keywords = {climate change, desertification, machine learning, xgboost}
}

@article{FeganMappingInb,
    title = {{Mapping desertification in}},
    author = {Fegan, Grace},
    pages = {1--4},
    keywords = {climate change, desertification, machine learning, xgboost}
}

@article{Potapov2021MappingData,
    title = {{Mapping global forest canopy height through integration of GEDI and Landsat data}},
    year = {2021},
    journal = {Remote Sensing of Environment},
    author = {Potapov, Peter and Li, Xinyuan and Hernandez-Serna, Andres and Tyukavina, Alexandra and Hansen, Matthew C. and Kommareddy, Anil and Pickens, Amy and Turubanova, Svetlana and Tang, Hao and Silva, Carlos Edibaldo and Armston, John and Dubayah, Ralph and Blair, J. Bryan and Hofton, Michelle},
    month = {2},
    volume = {253},
    publisher = {Elsevier Inc.},
    doi = {10.1016/j.rse.2020.112165},
    issn = {00344257},
    keywords = {Forest height, Forest monitoring, GEDI, Landsat, Lidar, Time-series}
}

@article{He2017MaskR-CNN,
    title = {{Mask R-CNN}},
    year = {2017},
    author = {He, Kaiming and Gkioxari, Georgia and Doll{\'{a}}r, Piotr and Girshick, Ross},
    month = {3},
    url = {http://arxiv.org/abs/1703.06870},
    arxivId = {1703.06870}
}

@article{Tarvainen2017MeanResults,
    title = {{Mean teachers are better role models: Weight-averaged consistency targets improve semi-supervised deep learning results}},
    year = {2017},
    journal = {Advances in Neural Information Processing Systems},
    author = {Tarvainen, Antti and Valpola, Harri},
    pages = {1196--1205},
    volume = {2017-Decem},
    issn = {10495258},
    arxivId = {1703.01780}
}

@article{Bogunovic2021MisspecifiedOptimization,
    title = {{Misspecified Gaussian Process Bandit Optimization}},
    year = {2021},
    journal = {Advances in Neural Information Processing Systems},
    author = {Bogunovic, Ilija and Krause, Andreas},
    number = {NeurIPS},
    pages = {3004--3015},
    volume = {4},
    isbn = {9781713845393},
    issn = {10495258},
    arxivId = {2111.05008}
}

@techreport{MitigationChange,
    title = {{Mitigation of Climate Change Climate Change 2022 Working Group III contribution to the Sixth Assessment Report of the Intergovernmental Panel on Climate Change}},
    url = {https://www.ipcc.ch/site/assets/uploads/2018/05/uncertainty-guidance-note.pdf.}
}

@article{Wang2020MobileLearning,
    title = {{Mobile robot path planning in dynamic environments through globally guided reinforcement learning}},
    year = {2020},
    journal = {IEEE Robotics and Automation Letters},
    author = {Wang, Binyu and Liu, Zhe and Li, Qingbiao and Prorok, Amanda},
    number = {4},
    pages = {6932--6939},
    volume = {5},
    doi = {10.1109/LRA.2020.3026638},
    issn = {23773766},
    arxivId = {2005.05420},
    keywords = {Hierarchical path planning, mobile robots, reinforcement learning, scalability}
}

@article{Weinstein2022Model,
    title = {{model}},
    year = {2022},
    author = {Weinstein, Ben G and Marconi, Sergio and Graves, Sarah J and Zare, Alina and Singh, Aditya and Stephanie, A and Magee, Lukas and Johnson, Daniel J and Townsend, Phillip A and White, Ethan P}
}

@article{Mitchell2019ModelReporting,
    title = {{Model cards for model reporting}},
    year = {2019},
    journal = {FAT* 2019 - Proceedings of the 2019 Conference on Fairness, Accountability, and Transparency},
    author = {Mitchell, Margaret and Wu, Simone and Zaldivar, Andrew and Barnes, Parker and Vasserman, Lucy and Hutchinson, Ben and Spitzer, Elena and Raji, Inioluwa Deborah and Gebru, Timnit},
    number = {Figure 2},
    pages = {220--229},
    isbn = {9781450361255},
    doi = {10.1145/3287560.3287596},
    arxivId = {1810.03993},
    keywords = {Datasheets, Disaggregated evaluation, Documentation, Ethical considerations, Fairness evaluation, ML model evaluation, Model cards}
}

@article{Hu2022ModelingDetection,
    title = {{Modeling realistic 3D agricultural vegetations using a photometric-based approach and its application to weed detection}},
    year = {2022},
    journal = {Computers and Electronics in Agriculture},
    author = {Hu, Chengsong and Alex Thomasson, J. and Reberg-Horton, Chris and Mirsky, Steven B. and Bagavathiannan, Muthukumar V.},
    number = {March},
    pages = {107020},
    volume = {198},
    publisher = {Elsevier B.V.},
    url = {https://doi.org/10.1016/j.compag.2022.107020},
    doi = {10.1016/j.compag.2022.107020},
    issn = {01681699},
    keywords = {Convolutional neural networks, Parametric L-system, Plant modeling, Plant rendering, Ray tracing, Virtual agriculture}
}

@article{FangMoveDetection,
    title = {{Move to See Better: Self-Improving Embodied Object Detection}},
    author = {Fang, Zhaoyuan and Fragkiadaki, Katerina and Sarch, Gabriel and Harley, Adam W},
    arxivId = {arXiv:2012.00057v2}
}

@article{Lambert2020MSeg:Segmentation,
    title = {{MSeg: A composite dataset for multi-domain semantic segmentation}},
    year = {2020},
    journal = {Proceedings of the IEEE Computer Society Conference on Computer Vision and Pattern Recognition},
    author = {Lambert, John and Liu, Zhuang and Sener, Ozan and Hays, James and Koltun, Vladlen},
    pages = {2876--2885},
    doi = {10.1109/CVPR42600.2020.00295},
    issn = {10636919}
}

@article{Dang2021Msresnet:Imagery,
    title = {{Msresnet: Multiscale residual network via self-supervised learning for water-body detection in remote sensing imagery}},
    year = {2021},
    journal = {Remote Sensing},
    author = {Dang, Bo and Li, Yansheng},
    number = {16},
    volume = {13},
    doi = {10.3390/rs13163122},
    issn = {20724292},
    keywords = {High-resolution remote sensing imagery, Multiscale residual network (MSResNet), Self-supervised learning (SSL), Water-body detection}
}

@article{Bhattacharya2010Multi-agentConstraints,
    title = {{Multi-agent path planning with multiple tasks and distance constraints}},
    year = {2010},
    journal = {Proceedings - IEEE International Conference on Robotics and Automation},
    author = {Bhattacharya, Subhrajit and Likhachev, Maxim and Kumar, Vijay},
    pages = {953--959},
    isbn = {9781424450381},
    doi = {10.1109/ROBOT.2010.5509713},
    issn = {10504729}
}

@article{Singh2020Multi-ArmedArms,
    title = {{Multi-Armed Bandits with Dependent Arms}},
    year = {2020},
    author = {Singh, Rahul and Liu, Fang and Sun, Yin and Shroff, Ness},
    number = {1985},
    url = {http://arxiv.org/abs/2010.09478},
    arxivId = {2010.09478}
}

@article{Shi2021Multi-datasetSegmentation,
    title = {{Multi-dataset Pretraining: A Unified Model for Semantic Segmentation}},
    year = {2021},
    author = {Shi, Bowen and Zhang, Xiaopeng and Xu, Haohang and Dai, Wenrui and Zou, Junni and Xiong, Hongkai and Tian, Qi},
    pages = {1--11},
    url = {http://arxiv.org/abs/2106.04121},
    arxivId = {2106.04121}
}

@article{Arora2019Multi-modalMissions,
    title = {{Multi-modal active perception for information gathering in science missions}},
    year = {2019},
    journal = {Autonomous Robots},
    author = {Arora, Akash and Furlong, P. Michael and Fitch, Robert and Sukkarieh, Salah and Fong, Terrence},
    number = {7},
    pages = {1827--1853},
    volume = {43},
    doi = {10.1007/s10514-019-09836-5},
    issn = {15737527},
    arxivId = {1712.09716},
    keywords = {Active perception, Informative sensing planning, Robotic exploration, Space robotics}
}

@article{LiMulti-robot,
    title = {{Multi-robot planning and coordination Lecture 1 : Basics of MAPF : A * -based methods Recap : MAPF ( Multi-Agent Path Finding )}},
    author = {Li, Jiaoyang},
    pages = {1--42}
}

@article{Fawakherji2021Multi-SpectralFarming,
    title = {{Multi-Spectral Image Synthesis for Crop/Weed Segmentation in Precision Farming}},
    year = {2021},
    journal = {Robotics and Autonomous Systems},
    author = {Fawakherji, Mulham and Potena, Ciro and Pretto, Alberto and Bloisi, Domenico D. and Nardi, Daniele},
    pages = {1--27},
    volume = {146},
    doi = {10.1016/j.robot.2021.103861},
    issn = {09218890},
    arxivId = {2009.05750},
    keywords = {Agricultural robotics, Crop/weed detection, Semantic segmentation, cGANs}
}

@article{Ma2017Multi-viewCameras,
    title = {{Multi-view deep learning for consistent semantic mapping with RGB-D cameras}},
    year = {2017},
    journal = {IEEE International Conference on Intelligent Robots and Systems},
    author = {Ma, Lingni and Stuckler, Jorg and Kerl, Christian and Cremers, Daniel},
    pages = {598--605},
    volume = {2017-Septe},
    isbn = {9781538626825},
    doi = {10.1109/IROS.2017.8202213},
    issn = {21530866},
    arxivId = {1703.08866}
}

@article{Madaan2019Multi-viewModel,
    title = {{Multi-view reconstruction of wires using a catenary model}},
    year = {2019},
    journal = {Proceedings - IEEE International Conference on Robotics and Automation},
    author = {Madaan, Ratnesh and Kaess, Michael and Scherer, Sebastian},
    pages = {5657--5664},
    volume = {2019-May},
    isbn = {9781538660263},
    doi = {10.1109/ICRA.2019.8793852},
    issn = {10504729}
}

@book{Agnetis2012MultiagentProblems,
    title = {{Multiagent Scheduling Problems}},
    year = {2012},
    booktitle = {2012 TutORials in Operations Research},
    author = {Agnetis, Alessandro},
    pages = {151--170},
    isbn = {9783642418792},
    doi = {10.1287/educ.1120.0096}
}

@article{Malakooti2006MultipleResults,
    title = {{Multiple criteria network routing with simulation results}},
    year = {2006},
    journal = {2006 IIE Annual Conference and Exhibition},
    author = {Malakooti, Behnam and Thomas, Ivan and Tanguturi, Siva Kumar and Gajurel, Sanjaya and Kim, Hyun and Bhasin, Kul},
    number = {June},
    keywords = {Multiple criteria routing algorithm, Routing protocol, Weighted normalized addictive utility function}
}

@article{Xiao2009MultipleImages,
    title = {{Multiple view semantic segmentation for street view images}},
    year = {2009},
    journal = {Proceedings of the IEEE International Conference on Computer Vision},
    author = {Xiao, Jianxiong and Quan, Long},
    number = {Iccv},
    pages = {686--693},
    publisher = {IEEE},
    isbn = {9781424444205},
    doi = {10.1109/ICCV.2009.5459249}
}

@article{Xiao2009MultipleImagesb,
    title = {{Multiple view semantic segmentation for street view images}},
    year = {2009},
    journal = {Proceedings of the IEEE International Conference on Computer Vision},
    author = {Xiao, Jianxiong and Quan, Long},
    pages = {686--693},
    isbn = {9781424444205},
    doi = {10.1109/ICCV.2009.5459249}
}

@article{Xiao2009MultipleImagesc,
    title = {{Multiple view semantic segmentation for street view images}},
    year = {2009},
    journal = {Proceedings of the IEEE International Conference on Computer Vision},
    author = {Xiao, Jianxiong and Quan, Long},
    number = {Iccv},
    pages = {686--693},
    publisher = {IEEE},
    isbn = {9781424444205},
    doi = {10.1109/ICCV.2009.5459249}
}

@article{DosSantos2012MultiscaleImages,
    title = {{Multiscale classification of remote sensing images}},
    year = {2012},
    journal = {IEEE Transactions on Geoscience and Remote Sensing},
    author = {Dos Santos, Jefersson Alex and Gosselin, Philippe Henri and Philipp-Foliguet, Sylvie and Da S. Torres, Ricardo and Falao, Alexandre Xavier},
    number = {10 PART1},
    pages = {3764--3775},
    volume = {50},
    doi = {10.1109/TGRS.2012.2186582},
    issn = {01962892},
    keywords = {Boosting, image descriptors, multiscale classification, multiscale segmentation, remote sensing image (RSI), support vector machines (SVM)}
}

@article{Yao2018MultiviewSegmentation,
    title = {{Multiview Cross-supervision for Semantic Segmentation}},
    year = {2018},
    author = {Yao, Yuan and Park, Hyun Soo},
    url = {http://arxiv.org/abs/1812.01738},
    arxivId = {1812.01738}
}

@article{With2023NderstandingWith,
    title = {{Nderstanding forest with}},
    year = {2023},
    author = {With, Nderstanding Forest and Values, Hapley and Drought, Resilience T O},
    pages = {1--6}
}

@article{With2023NderstandingWithb,
    title = {{Nderstanding forest with}},
    year = {2023},
    author = {With, Nderstanding Forest and Values, Hapley and Drought, Resilience T O},
    pages = {1--6}
}

@article{Krause2008Near-optimalStudies,
    title = {{Near-optimal sensor placements in Gaussian processes: Theory, efficient algorithms and empirical studies}},
    year = {2008},
    journal = {Journal of Machine Learning Research},
    author = {Krause, Andreas and Singh, Ajit and Guestrin, Carlos},
    pages = {235--284},
    volume = {9},
    issn = {15324435},
    keywords = {Active learning, Experimental design, Gaussian processes, Sensor networks, Spatial learning}
}

@article{Nagabandi2018NeuralFine-Tuning,
    title = {{Neural Network Dynamics for Model-Based Deep Reinforcement Learning with Model-Free Fine-Tuning}},
    year = {2018},
    journal = {Proceedings - IEEE International Conference on Robotics and Automation},
    author = {Nagabandi, Anusha and Kahn, Gregory and Fearing, Ronald S. and Levine, Sergey},
    pages = {7579--7586},
    isbn = {9781538630815},
    doi = {10.1109/ICRA.2018.8463189},
    issn = {10504729},
    arxivId = {1708.02596}
}

@article{ICES2021NoTitle,
    title = {{No 主観的健康感を中心とした在宅高齢者における 健康関連指標に関する共分散構造分析Title}},
    year = {2021},
    author = {{ICES}},
    number = {March},
    pages = {1--19},
    isbn = {9781626239777}
}

@article{Kodgule2019Non-myopicMeasurements,
    title = {{Non-myopic Planetary Exploration Combining in Situ and Remote Measurements}},
    year = {2019},
    journal = {IEEE International Conference on Intelligent Robots and Systems},
    author = {Kodgule, Suhit and Candela, Alberto and Wettergreen, David},
    pages = {536--543},
    isbn = {9781728140049},
    doi = {10.1109/IROS40897.2019.8967769},
    issn = {21530866},
    arxivId = {1904.12255}
}

@article{Kodgule2019Non-myopicMeasurementsb,
    title = {{Non-myopic Planetary Exploration Combining in Situ and Remote Measurements}},
    year = {2019},
    journal = {IEEE International Conference on Intelligent Robots and Systems},
    author = {Kodgule, Suhit and Candela, Alberto and Wettergreen, David},
    pages = {536--543},
    isbn = {9781728140049},
    doi = {10.1109/IROS40897.2019.8967769},
    issn = {21530866},
    arxivId = {1904.12255}
}

@article{Singh2009NonmyopicRobots,
    title = {{Nonmyopic adaptive informative path planning for multiple robots}},
    year = {2009},
    journal = {IJCAI International Joint Conference on Artificial Intelligence},
    author = {Singh, Amarjeet and Krause, Andreas and Kaiser, William J.},
    pages = {1843--1850},
    isbn = {9781577354260},
    issn = {10450823},
    keywords = {"Robotics and Vision, Active Learning, Motion and}
}

@article{Arad2020NTIREImage,
    title = {{NTIRE 2020 challenge on spectral reconstruction from an RGB image}},
    year = {2020},
    journal = {IEEE Computer Society Conference on Computer Vision and Pattern Recognition Workshops},
    author = {Arad, Boaz and Timofte, Radu and Ben-Shahar, Ohad and Lin, Yi Tun and Finlayson, Graham and Givati, Shai and Li, Jiaojiao and Wu, Chaoxiong and Song, Rui and Li, Yunsong and Liu, Fei and Lang, Zhiqiang and Wei, Wei and Zhang, Lei and Nie, Jiangtao and Zhao, Yuzhi and Po, Lai Man and Yan, Qiong and Liu, Wei and Lin, Tingyu and Kim, Youngjung and Shin, Changyeop and Rho, Kyeongha and Kim, Sungho and Zhu, Zhiyu and Hou, Junhui and Sun, He and Ren, Jinchang and Fang, Zhenyu and Yan, Yijun and Peng, Hao and Chen, Xiaomei and Zhao, Jie and Stiebel, Tarek and Koppers, Simon and Merhof, Dorit and Gupta, Honey and Mitra, Kaushik and Fubara, Biebele Joslyn and Sedky, Mohamed and Dyke, Dave and Banerjee, Atmadeep and Palrecha, Akash and Sabarinathan, Sabarinathan and Uma, K. and Vinothini, D. Synthiya and Sathya Bama, B. and Md Mansoor Roomi, S. M.},
    pages = {1806--1822},
    volume = {2020-June},
    isbn = {9781728193601},
    doi = {10.1109/CVPRW50498.2020.00231},
    issn = {21607516},
    arxivId = {2005.03412}
}

@article{Yuan2020Object-ContextualSegmentation,
    title = {{Object-Contextual Representations for Semantic Segmentation}},
    year = {2020},
    journal = {Lecture Notes in Computer Science (including subseries Lecture Notes in Artificial Intelligence and Lecture Notes in Bioinformatics)},
    author = {Yuan, Yuhui and Chen, Xilin and Wang, Jingdong},
    pages = {173--190},
    volume = {12351 LNCS},
    isbn = {9783030585389},
    doi = {10.1007/978-3-030-58539-6{\_}11},
    issn = {16113349},
    arxivId = {arXiv:1909.11065v6},
    keywords = {Context aggregation, Semantic segmentation}
}

@article{Hornung2013OctoMap:Octrees,
    title = {{OctoMap: An efficient probabilistic 3D mapping framework based on octrees}},
    year = {2013},
    journal = {Autonomous Robots},
    author = {Hornung, Armin and Wurm, Kai M. and Bennewitz, Maren and Stachniss, Cyrill and Burgard, Wolfram},
    number = {3},
    pages = {189--206},
    volume = {34},
    doi = {10.1007/s10514-012-9321-0},
    issn = {09295593},
    keywords = {3D, Mapping, Navigation, Probabilistic}
}

@article{Nichol2018OnAlgorithms,
    title = {{On First-Order Meta-Learning Algorithms}},
    year = {2018},
    author = {Nichol, Alex and Achiam, Joshua and Schulman, John},
    pages = {1--15},
    url = {http://arxiv.org/abs/1803.02999},
    arxivId = {1803.02999}
}

@article{Attia2020OptimalCorrelations,
    title = {{Optimal Experimental Design for Inverse Problems in the Presence of Observation Correlations}},
    year = {2020},
    author = {Attia, Ahmed and Constantinescu, Emil},
    url = {http://arxiv.org/abs/2007.14476},
    arxivId = {2007.14476},
    keywords = {35q62, 35q93, 35r30, 62f15, 62k05, 65c60, ams subject classifications, correlated observations, data assimilation, inverse problems, oed, optimal experimental design}
}

@article{Caselton1984OptimalDesigns,
    title = {{Optimal monitoring network designs}},
    year = {1984},
    journal = {Statistics and Probability Letters},
    author = {Caselton, W. F. and Zidek, J. V.},
    number = {4},
    pages = {223--227},
    volume = {2},
    doi = {10.1016/0167-7152(84)90020-8},
    issn = {01677152},
    keywords = {decision analysis, information theory, monitoring networks, network design, proper local utility}
}

@article{Berntsson2022OptimalScheme,
    title = {{Optimal Q-Space Sampling Scheme Information Optimal Q-Space Sampling Scheme}},
    year = {2022},
    author = {Berntsson, Jonathan and Hassler, Ture}
}

@article{Binney2013OptimizingPhenomena,
    title = {{Optimizing waypoints for monitoring spatiotemporal phenomena}},
    year = {2013},
    journal = {International Journal of Robotics Research},
    author = {Binney, Jonathan and Krause, Andreas and Sukhatme, Gaurav S.},
    number = {8},
    pages = {873--888},
    volume = {32},
    doi = {10.1177/0278364913488427},
    issn = {02783649},
    keywords = {mapping, marine robotics, sensor networks}
}

@article{Mur-Artal2015ORB-SLAM:System,
    title = {{ORB-SLAM: A Versatile and Accurate Monocular SLAM System}},
    year = {2015},
    journal = {IEEE Transactions on Robotics},
    author = {Mur-Artal, Raul and Montiel, J. M.M. and Tardos, Juan D.},
    number = {5},
    pages = {1147--1163},
    volume = {31},
    doi = {10.1109/TRO.2015.2463671},
    issn = {15523098},
    arxivId = {1502.00956},
    keywords = {Lifelong mapping, Simultaneous localization and mapping (SLAM), localization, monocular vision, recognition}
}

@article{Mukhina2019OrienteeringConstruction,
    title = {{Orienteering Problem with Functional Profits for multi-source dynamic path construction}},
    year = {2019},
    journal = {PLoS ONE},
    author = {Mukhina, Ksenia D. and Visheratin, Alexander A. and Nasonov, Denis},
    number = {4},
    pages = {1--15},
    volume = {14},
    isbn = {1111111111},
    doi = {10.1371/journal.pone.0213777},
    issn = {19326203},
    pmid = {30939132}
}

@article{Blanchon2019OutdoorNetwork,
    title = {{Outdoor Scenes Pixel-wise Semantic Segmentation using Polarimetry and Fully Convolutional Network}},
    year = {2019},
    journal = {VISIGRAPP 2019 - Proceedings of the 14th International Joint Conference on Computer Vision, Imaging and Computer Graphics Theory and Applications},
    author = {Blanchon, Marc and Morel, Olivier and Zhang, Yifei and Seulin, Ralph and Crombez, Nathan and Sidib{\'{e}}, Désiré},
    number = {Visigrapp},
    pages = {328--335},
    volume = {5},
    isbn = {9789897583544},
    doi = {10.5220/0007360203280335},
    keywords = {Augmentation, Deep Learning, Polarimetry, Reflective Areas, Segmentation}
}

@article{Qiu2019OutdoorCRFs,
    title = {{Outdoor Semantic Segmentation for UGVs Based on CNN and Fully Connected CRFs}},
    year = {2019},
    journal = {IEEE Sensors Journal},
    author = {Qiu, Zengshuai and Yan, Fei and Zhuang, Yan and Leung, Henry},
    number = {11},
    pages = {4290--4298},
    volume = {19},
    publisher = {IEEE},
    doi = {10.1109/JSEN.2019.2893892},
    issn = {15581748},
    keywords = {Multi-sensor data fusion, UGVs, convolution neural network, outdoor scene, semantic segmentation}
}

@article{Karen2016Outliers:Drop,
    title = {{Outliers: To Drop or Not to Drop}},
    year = {2016},
    journal = {The Analysis of Factor},
    author = {{Karen}},
    number = {August},
    pages = {1683--1691},
    url = {http://www.theanalysisfactor.com/outliers-to-drop-or-not-to-drop/},
    isbn = {2674925205}
}

@article{West2020OverstatedAmazon,
    title = {{Overstated carbon emission reductions from voluntary REDD+ projects in the Brazilian Amazon}},
    year = {2020},
    author = {West, Thales A P and B{\"{o}}rner, Jan and Sills, Erin O and Kontoleon, Andreas},
    number = {39},
    pages = {24188--24194},
    volume = {117},
    publisher = {PNAS},
    isbn = {108.44.38.224},
    doi = {10.1073/pnas.2004334117/-/DCSupplemental}
}

@article{Cheng2020Panoptic-deeplab:Segmentation,
    title = {{Panoptic-deeplab: A simple, strong, and fast baseline for bottom-up panoptic segmentation}},
    year = {2020},
    journal = {Proceedings of the IEEE Computer Society Conference on Computer Vision and Pattern Recognition},
    author = {Cheng, Bowen and Collins, Maxwell D. and Zhu, Yukun and Liu, Ting and Huang, Thomas S. and Adam, Hartwig and Chen, Liang Chieh},
    pages = {12472--12482},
    doi = {10.1109/CVPR42600.2020.01249},
    issn = {10636919},
    arxivId = {1911.10194}
}

@article{Yang2015PathVehicles,
    title = {{Path planning on satellite images for unmanned surface vehicles}},
    year = {2015},
    journal = {International Journal of Naval Architecture and Ocean Engineering},
    author = {Yang, Joe Ming and Tseng, Chien Ming and Tseng, P. S.},
    number = {1},
    pages = {87--99},
    volume = {7},
    publisher = {Elsevier Masson SAS},
    url = {http://dx.doi.org/10.1515/ijnaoe-2015-0007},
    doi = {10.1515/ijnaoe-2015-0007},
    issn = {20926790},
    keywords = {A* algorithm, Collision avoidance, Image analysis}
}

@article{Cheng2021Per-PixelSegmentation,
    title = {{Per-Pixel Classification is Not All You Need for Semantic Segmentation}},
    year = {2021},
    author = {Cheng, Bowen and Schwing, Alexander G. and Kirillov, Alexander},
    number = {NeurIPS},
    pages = {1--12},
    url = {http://arxiv.org/abs/2107.06278},
    arxivId = {2107.06278}
}

@article{Bartolomei2020Perception-awareSegmentation,
    title = {{Perception-aware path planning for UAVs using semantic segmentation}},
    year = {2020},
    journal = {IEEE International Conference on Intelligent Robots and Systems},
    author = {Bartolomei, Luca and Teixeira, Lucas and Chli, Margarita},
    pages = {5808--5815},
    isbn = {9781728162126},
    doi = {10.1109/IROS45743.2020.9341347},
    issn = {21530866}
}

@article{Jiang2022PhenotypingApproach,
    title = {{Phenotyping a diversity panel of quinoa using UAV-retrieved leaf area index, SPAD-based chlorophyll and a random forest approach}},
    year = {2022},
    journal = {Precision Agriculture},
    author = {Jiang, Jiale and Johansen, Kasper and Stanschewski, Clara S. and Wellman, Gordon and Mousa, Magdi A.A. and Fiene, Gabriele M. and Asiry, Khalid A. and Tester, Mark and McCabe, Matthew F.},
    number = {0123456789},
    publisher = {Springer US},
    url = {https://doi.org/10.1007/s11119-021-09870-3},
    isbn = {0123456789},
    doi = {10.1007/s11119-021-09870-3},
    issn = {15731618},
    keywords = {Chlorophyll, Leaf area index (LAI), Phenotyping, Quinoa, Random forest, Unmanned aerial vehicle (UAV)}
}

@article{Tavera2022Pixel-by-PixelSegmentation,
    title = {{Pixel-by-Pixel Cross-Domain Alignment for Few-Shot Semantic Segmentation}},
    year = {2022},
    journal = {Wacv},
    author = {Tavera, Antonio and Cermelli, Fabio and Masone, Carlo and Caputo, Barbara}
}

@article{Candela2020PlanetaryMapping,
    title = {{Planetary Rover Exploration Combining Remote and in Situ Measurements for Active Spectroscopic Mapping}},
    year = {2020},
    journal = {Proceedings - IEEE International Conference on Robotics and Automation},
    author = {Candela, Alberto and Kodgule, Suhit and Edelson, Kevin and Vijayarangan, Srinivasan and Thompson, David R. and Noe Dobrea, Eldar and Wettergreen, David},
    pages = {5986--5993},
    isbn = {9781728173955},
    doi = {10.1109/ICRA40945.2020.9196973},
    issn = {10504729}
}

@article{Nagasubramanian2019PlantImages,
    title = {{Plant disease identification using explainable 3D deep learning on hyperspectral images}},
    year = {2019},
    journal = {Plant Methods},
    author = {Nagasubramanian, Koushik and Jones, Sarah and Singh, Asheesh K. and Sarkar, Soumik and Singh, Arti and Ganapathysubramanian, Baskar},
    number = {1},
    pages = {1--10},
    volume = {15},
    publisher = {BioMed Central},
    url = {https://doi.org/10.1186/s13007-019-0479-8},
    doi = {10.1186/s13007-019-0479-8},
    issn = {17464811},
    keywords = {Charcoal rot disease, Deep convolutional neural network, Hyperspectral, Saliency map, Soybean}
}

@article{Qi2017PointNet:Segmentation,
    title = {{PointNet: Deep learning on point sets for 3D classification and segmentation}},
    year = {2017},
    journal = {Proceedings - 30th IEEE Conference on Computer Vision and Pattern Recognition, CVPR 2017},
    author = {Qi, Charles R. and Su, Hao and Mo, Kaichun and Guibas, Leonidas J.},
    pages = {77--85},
    volume = {2017-Janua},
    isbn = {9781538604571},
    doi = {10.1109/CVPR.2017.16},
    arxivId = {1612.00593}
}

@article{Author2022PollutionImagery,
    title = {{Pollution Tracker : Finding Industrial Sources of Aerosol Emission in Satellite Imagery}},
    year = {2022},
    author = {Author, Anonymous and Address, Affiliation}
}

@article{Dalponte2018PredictingData,
    title = {{Predicting stem diameters and aboveground biomass of individual trees using remote sensing data}},
    year = {2018},
    journal = {Ecological Indicators},
    author = {Dalponte, Michele and Frizzera, Lorenzo and {\O}rka, Hans Ole and Gobakken, Terje and N{\ae}sset, Erik and Gianelle, Damiano},
    number = {May 2017},
    pages = {367--376},
    volume = {85},
    publisher = {Elsevier},
    url = {https://doi.org/10.1016/j.ecolind.2017.10.066},
    doi = {10.1016/j.ecolind.2017.10.066},
    issn = {1470160X},
    keywords = {Aboveground biomass, Airborne laser scanning, Diameter at breast height, Hyperspectral imagery, Individual tree crowns, Modelling, Remote sensing}
}

@article{Damani2021PRIMAL2:Learning-Lifelong,
    title = {{PRIMAL2: Pathfinding Via Reinforcement and Imitation Multi-Agent Learning-Lifelong}},
    year = {2021},
    journal = {IEEE Robotics and Automation Letters},
    author = {Damani, Mehul and Luo, Zhiyao and Wenzel, Emerson and Sartoretti, Guillaume},
    number = {2},
    pages = {2666--2673},
    volume = {6},
    publisher = {IEEE},
    doi = {10.1109/LRA.2021.3062803},
    issn = {23773766},
    arxivId = {2010.08184},
    keywords = {Deep learning in robotics and automation, distributed robot systems, multi-robot systems}
}

@article{Jakkala2022ProbabilisticConstraints,
    title = {{Probabilistic Gas Leak Rate Estimation Using Submodular Function Maximization with Routing Constraints}},
    year = {2022},
    journal = {IEEE Robotics and Automation Letters},
    author = {Jakkala, Kalvik and Akella, Srinivas},
    number = {2},
    pages = {5230--5237},
    volume = {7},
    publisher = {IEEE},
    doi = {10.1109/LRA.2022.3149043},
    issn = {23773766},
    keywords = {Environment monitoring and management, fugitive emissions, informative path planning, integrated planning and learning, probabilistic inference}
}

@article{Thrun2002ProbabilisticRobotics,
    title = {{Probabilistic robotics}},
    year = {2002},
    journal = {Communications of the ACM},
    author = {Thrun, Sebastian},
    number = {3},
    pages = {52--57},
    volume = {45},
    doi = {10.1145/504729.504754},
    issn = {00010782}
}

@article{NunesProceduralAlgorithms,
    title = {{Procedural Generation of Synthetic Forest Environments to Train Machine Learning Algorithms}},
    author = {Nunes, Rui and Ferreira, João and Peixoto, Paulo}
}

@article{Zhao2017PyramidNetwork,
    title = {{Pyramid scene parsing network}},
    year = {2017},
    journal = {Proceedings - 30th IEEE Conference on Computer Vision and Pattern Recognition, CVPR 2017},
    author = {Zhao, Hengshuang and Shi, Jianping and Qi, Xiaojuan and Wang, Xiaogang and Jia, Jiaya},
    pages = {6230--6239},
    volume = {2017-Janua},
    isbn = {9781538604571},
    doi = {10.1109/CVPR.2017.660},
    arxivId = {1612.01105}
}

@article{Arora2017RandomizedConstraints,
    title = {{Randomized algorithm for informative path planning with budget constraints}},
    year = {2017},
    journal = {Proceedings - IEEE International Conference on Robotics and Automation},
    author = {Arora, Sankalp and Scherer, Sebastian},
    pages = {4997--5004},
    isbn = {9781509046331},
    doi = {10.1109/ICRA.2017.7989582},
    issn = {10504729}
}

@article{Tabib2019Real-TimeMaps,
    title = {{Real-Time Information-Theoretic Exploration with Gaussian Mixture Model Maps}},
    year = {2019},
    author = {Tabib, Wennie and Goel, Kshitij and Yao, John and Dabhi, Mosam and Boirum, Curtis and Michael, Nathan},
    doi = {10.15607/rss.2019.xv.061},
    keywords = {Aerial Systems: Perception and Autonomy, Space Robotics and Automation}
}

@article{Maturana2018Real-TimeNavigation,
    title = {{Real-Time Semantic Mapping for Autonomous Off-Road Navigation}},
    year = {2018},
    journal = {Springer Proceedings in Advanced Robotics},
    author = {Maturana, Daniel and Chou, Po Wei and Uenoyama, Masashi and Scherer, Sebastian},
    pages = {335--350},
    volume = {5},
    doi = {10.1007/978-3-319-67361-5{\_}22},
    issn = {25111264}
}

@article{XuanZhang2018Real-timeCamera,
    title = {{Real-time voxel based 3D semantic mapping with a hand held RGB-D camera}},
    year = {2018},
    journal = {Https://Github.Com/Floatlazer/Semantic{\_}Slam},
    author = {{Xuan Zhang}},
    pages = {2017--2018}
}

@article{Reiersen2022ReforesTree:Imagery,
    title = {{ReforesTree: A Dataset for Estimating Tropical Forest Carbon Stock with Deep Learning and Aerial Imagery}},
    year = {2022},
    author = {Reiersen, Gyri and Dao, David and L{\"{u}}tjens, Björn and Klemmer, Konstantin and Amara, Kenza and Steinegger, Attila and Zhang, Ce and Zhu, Xiaoxiang},
    url = {http://arxiv.org/abs/2201.11192},
    arxivId = {2201.11192}
}

@article{Reiersen2022ReforesTree:Imageryb,
    title = {{ReforesTree: A Dataset for Estimating Tropical Forest Carbon Stock with Deep Learning and Aerial Imagery}},
    year = {2022},
    author = {Reiersen, Gyri and Dao, David and L{\"{u}}tjens, Björn and Klemmer, Konstantin and Amara, Kenza and Steinegger, Attila and Zhang, Ce and Zhu, Xiaoxiang},
    url = {http://arxiv.org/abs/2201.11192},
    arxivId = {2201.11192}
}

@article{Kasarla2019Region-basedSegmentation,
    title = {{Region-based active learning for efficient labeling in semantic segmentation}},
    year = {2019},
    journal = {Proceedings - 2019 IEEE Winter Conference on Applications of Computer Vision, WACV 2019},
    author = {Kasarla, Tejaswi and Nagendar, G. and Hegde, Guruprasad M. and Balasubramanian, V. and Jawahar, C. V.},
    pages = {1109--1117},
    volume = {2019-Janua},
    publisher = {IEEE},
    isbn = {9781728119755},
    doi = {10.1109/WACV.2019.00123}
}

@article{SolisVidana2021Representation-OptimalSearch,
    title = {{Representation-Optimal Multi-Robot Motion Planning Using Conflict-Based Search}},
    year = {2021},
    journal = {IEEE Robotics and Automation Letters},
    author = {Solis Vidana, Juan Irving and Motes, James and Sandstrom, Read and Amato, Nancy},
    number = {3},
    pages = {4608--4615},
    volume = {6},
    doi = {10.1109/LRA.2021.3068910},
    issn = {23773766},
    arxivId = {1909.13352},
    keywords = {Path planning for multiple mobile robots or agents, motion and path planning}
}

@article{Zoph2020RethinkingSelf-training,
    title = {{Rethinking Pre-training and Self-training}},
    year = {2020},
    author = {Zoph, Barret},
    number = {NeurIPS},
    pages = {1--13}
}

@article{Ho2021RetinaGAN:Transfer,
    title = {{RetinaGAN: An Object-aware Approach to Sim-to-Real Transfer}},
    year = {2021},
    author = {Ho, Daniel and Rao, Kanishka and Xu, Zhuo and Jang, Eric and Khansari, Mohi and Bai, Yunfei},
    number = {Il},
    pages = {10920--10926},
    doi = {10.1109/icra48506.2021.9561157},
    arxivId = {2011.03148}
}

@article{Meng2019ReviewChallenges,
    title = {{Review of the pansharpening methods for remote sensing images based on the idea of meta-analysis: Practical discussion and challenges}},
    year = {2019},
    journal = {Information Fusion},
    author = {Meng, Xiangchao and Shen, Huanfeng and Li, Huifang and Zhang, Liangpei and Fu, Randi},
    number = {May 2018},
    pages = {102--113},
    volume = {46},
    doi = {10.1016/j.inffus.2018.05.006},
    issn = {15662535},
    keywords = {Image fusion, Meta-analysis, Multispectral, Panchromatic, Pansharpening, Remote sensing}
}

@article{Qin2020Ride-hailingLearning,
    title = {{Ride-hailing order dispatching at DiDi via reinforcement learning}},
    year = {2020},
    journal = {Interfaces},
    author = {Qin, Zhiwei and Tang, Xiaocheng and Jiao, Yan and Zhang, Fan and Xu, Zhe and Zhu, Hongtu and Ye, Jieping},
    number = {5},
    pages = {272--286},
    volume = {50},
    doi = {10.1287/INTE.2020.1047},
    issn = {1526551X},
    keywords = {Data-driven decision making, Order dispatching, Reinforcement learning, Ride-hailing marketplace}
}

@article{Rao2020RL-CycleGan:Simulation-to-real,
    title = {{RL-CycleGan: Reinforcement learning aware simulation-to-real}},
    year = {2020},
    journal = {Proceedings of the IEEE Computer Society Conference on Computer Vision and Pattern Recognition},
    author = {Rao, Kanishka and Harris, Chris and Irpan, Alex and Levine, Sergey and Ibarz, Julian and Khansari, Mohi},
    pages = {11154--11163},
    doi = {10.1109/CVPR42600.2020.01117},
    issn = {10636919},
    arxivId = {2006.09001}
}

@article{Kaess2022Robot16-833,
    title = {{Robot Localization and Mapping 16-833}},
    year = {2022},
    author = {Kaess, Michael}
}

@book{Siciliano2009Robotics:Control,
    title = {{Robotics: Modelling, planning and control}},
    year = {2009},
    booktitle = {Advanced Textbooks in Control and Signal Processing},
    author = {Siciliano, Bruno and Sciavicco, Lorenzo and Villani, Luigi and Oriolo, Giuseppe},
    number = {9781846286414},
    pages = {1--623},
    isbn = {9781846286414},
    doi = {10.5860/choice.46-6226},
    issn = {25103814}
}

@article{LeBras2013RobustConservation,
    title = {{Robust network design for multispecies conservation}},
    year = {2013},
    journal = {Proceedings of the 27th AAAI Conference on Artificial Intelligence, AAAI 2013},
    author = {Le Bras, Ronan and Dilkina, Bistra and Xue, Yexiang and Gomes, Carla P. and McKelvey, Kevin S. and Schwartz, Michael K. and Montgomery, Claire A.},
    pages = {1305--1312},
    isbn = {9781577356158},
    doi = {10.1609/aaai.v27i1.8491},
    issn = {2159-5399},
    keywords = {Special Track on Computational Sustainability and}
}

@article{Sun2018RobustFlight,
    title = {{Robust Stereo Visual Inertial Odometry for Fast Autonomous Flight}},
    year = {2018},
    journal = {IEEE Robotics and Automation Letters},
    author = {Sun, Ke and Mohta, Kartik and Pfrommer, Bernd and Watterson, Michael and Liu, Sikang and Mulgaonkar, Yash and Taylor, Camillo J. and Kumar, Vijay},
    number = {2},
    pages = {965--972},
    volume = {3},
    doi = {10.1109/LRA.2018.2793349},
    issn = {23773766},
    arxivId = {1712.00036},
    keywords = {Localization, SLAM, aerial systems: Perception and autonomy}
}

@article{Spitzer2020RotationalControl,
    title = {{Rotational Error Metrics for Quadrotor Control}},
    year = {2020},
    author = {Spitzer, Alexander and Michael, Nathan},
    number = {3},
    url = {http://arxiv.org/abs/2011.11909},
    arxivId = {2011.11909}
}

@article{Yang2020ScalableSelection,
    title = {{Scalable and generalizable social bot detection through data selection}},
    year = {2020},
    journal = {AAAI 2020 - 34th AAAI Conference on Artificial Intelligence},
    author = {Yang, Kai Cheng and Varol, Onur and Hui, Pik Mai and Menczer, Filippo},
    pages = {1096--1103},
    isbn = {9781577358350},
    doi = {10.1609/aaai.v34i01.5460},
    issn = {2159-5399},
    arxivId = {1911.09179}
}

@article{Chaplot2021SEALConsistency,
    title = {{SEAL : Self-supervised Embodied Active Learning using Exploration and 3D Consistency}},
    year = {2021},
    author = {Chaplot, Devendra Singh and Dalal, Murtaza and Gupta, Saurabh},
    number = {NeurIPS},
    pages = {1--16},
    arxivId = {arXiv:2112.01001v1}
}

@article{Kolesnikov2016SeedSegmentation,
    title = {{Seed, expand and constrain: Three principles for weakly-supervised image segmentation}},
    year = {2016},
    journal = {Lecture Notes in Computer Science (including subseries Lecture Notes in Artificial Intelligence and Lecture Notes in Bioinformatics)},
    author = {Kolesnikov, Alexander and Lampert, Christoph H.},
    pages = {695--711},
    volume = {9908 LNCS},
    isbn = {9783319464923},
    doi = {10.1007/978-3-319-46493-0{\_}42},
    issn = {16113349},
    arxivId = {1603.06098},
    keywords = {Deep learning, Weakly-supervised image segmentation}
}

@article{Tuia2021SeeingConservation,
    title = {{Seeing biodiversity: perspectives in machine learning for wildlife conservation}},
    year = {2021},
    author = {Tuia, Devis and Kellenberger, Benjamin and Beery, Sara and Costelloe, Blair R. and Zuffi, Silvia and Risse, Benjamin and Mathis, Alexander and Mathis, Mackenzie W. and van Langevelde, Frank and Burghardt, Tilo and Kays, Roland and Klinck, Holger and Wikelski, Martin and Couzin, Iain D. and van Horn, Grant and Crofoot, Margaret C. and Stewart, Charles V. and Berger-Wolf, Tanya},
    url = {http://arxiv.org/abs/2110.12951},
    arxivId = {2110.12951}
}

@article{Bosch2007SegmentationScenes,
    title = {{Segmentation and description of natural outdoor scenes}},
    year = {2007},
    journal = {Image and Vision Computing},
    author = {Bosch, A. and Mu{\~{n}}oz, X. and Freixenet, J.},
    number = {5},
    pages = {727--740},
    volume = {25},
    doi = {10.1016/j.imavis.2006.05.015},
    issn = {02628856},
    keywords = {Image understanding, Object classification, Object segmentation}
}

@article{Xie2020Self-trainingClassification,
    title = {{Self-training with noisy student improves imagenet classification}},
    year = {2020},
    journal = {Proceedings of the IEEE Computer Society Conference on Computer Vision and Pattern Recognition},
    author = {Xie, Qizhe and Luong, Minh Thang and Hovy, Eduard and Le, Quoc V.},
    pages = {10684--10695},
    doi = {10.1109/CVPR42600.2020.01070},
    issn = {10636919},
    arxivId = {1911.04252}
}

@article{Chaplot2020SemanticLearning,
    title = {{Semantic Curiosity for Active Visual Learning}},
    year = {2020},
    journal = {ECCV},
    author = {Chaplot, Devendra Singh and Jiang, Helen and Gupta, Saurabh},
    pages = {1--18},
    keywords = {active visual learning, embodied learning, exploration, riosity, semantic cu-}
}

@article{Li2020SemanticParsing,
    title = {{Semantic Flow for Fast and Accurate Scene Parsing}},
    year = {2020},
    journal = {Lecture Notes in Computer Science (including subseries Lecture Notes in Artificial Intelligence and Lecture Notes in Bioinformatics)},
    author = {Li, Xiangtai and You, Ansheng and Zhu, Zhen and Zhao, Houlong and Yang, Maoke and Yang, Kuiyuan and Tan, Shaohua and Tong, Yunhai},
    pages = {775--793},
    volume = {12346 LNCS},
    isbn = {9783030584511},
    doi = {10.1007/978-3-030-58452-8{\_}45},
    issn = {16113349},
    arxivId = {2002.10120},
    keywords = {Flow alignment module, Scene parsing, Semantic flow}
}

@article{Maturana2016SemanticExploration,
    title = {{Semantic Mapping for Robot Navigation and Exploration}},
    year = {2016},
    author = {Maturana, Daniel}
}

@article{Bernuy2015SemanticDriving,
    title = {{Semantic Mapping of Large-Scale Outdoor Scenes for Autonomous Off-Road Driving}},
    year = {2015},
    journal = {Proceedings of the IEEE International Conference on Computer Vision},
    author = {Bernuy, Fernando and Solar, Javier Ruiz Del},
    pages = {124--130},
    volume = {2015-Febru},
    isbn = {9781467383905},
    doi = {10.1109/ICCVW.2015.26},
    issn = {15505499},
    keywords = {Buildings, Cameras, Indexes, Roads, Robots, Semantics, Vehicles}
}

@article{Stuckler2012SemanticImages,
    title = {{Semantic mapping using object-class segmentation of RGB-D images}},
    year = {2012},
    journal = {IEEE International Conference on Intelligent Robots and Systems},
    author = {Stuckler, Jorg and Biresev, Nenad and Behnke, Sven},
    number = {October},
    pages = {3005--3010},
    volume = {2012},
    isbn = {9781467317375},
    doi = {10.1109/IROS.2012.6385983},
    issn = {21530858}
}

@article{Brasch2018SemanticEnvironments,
    title = {{Semantic Monocular SLAM for Highly Dynamic Environments}},
    year = {2018},
    journal = {IEEE International Conference on Intelligent Robots and Systems},
    author = {Brasch, Nikolas and Bozic, Aljaz and Lallemand, Joe and Tombari, Federico},
    number = {d},
    pages = {393--400},
    isbn = {9781538680940},
    doi = {10.1109/IROS.2018.8593828},
    issn = {21530866}
}

@article{Neves2020SemanticU-net,
    title = {{Semantic segmentation of brazilian savanna vegetation using high spatial resolution satellite data and u-net}},
    year = {2020},
    journal = {ISPRS Annals of the Photogrammetry, Remote Sensing and Spatial Information Sciences},
    author = {Neves, A. K. and K{\"{o}}rting, T. S. and Fonseca, L. M.G. and Girolamo Neto, C. D. and Wittich, D. and Costa, G. A.O.P. and Heipke, C.},
    number = {3},
    pages = {505--511},
    volume = {5},
    doi = {10.5194/isprs-Annals-V-3-2020-505-2020},
    issn = {21949050},
    keywords = {Biome, Cerrado, Deep Learning., Physiognomies, Remote Sensing, pixel-wise classification}
}

@article{Dechesne2017SEMANTICPROBLEM,
    title = {{SEMANTIC SEGMENTATION of FOREST STANDS of PURE SPECIES AS A GLOBAL OPTIMIZATION PROBLEM}},
    year = {2017},
    journal = {ISPRS Annals of the Photogrammetry, Remote Sensing and Spatial Information Sciences},
    author = {Dechesne, C. and Mallet, C. and Le Bris, A. and Gouet-Brunet, V.},
    number = {1W1},
    pages = {141--148},
    volume = {4},
    doi = {10.5194/isprs-annals-IV-1-W1-141-2017},
    issn = {21949050},
    keywords = {CRF, Forest stands, MRF, classification, graph-cut, graphical models, regularization, semantic segmentation}
}

@article{Rim2021SemanticLosses,
    title = {{Semantic segmentation of large-scale outdoor point clouds by encoder–decoder shared mlps with multiple losses}},
    year = {2021},
    journal = {Remote Sensing},
    author = {Rim, Beanbonyka and Lee, Ahyoung and Hong, Min},
    number = {16},
    pages = {1--18},
    volume = {13},
    doi = {10.3390/rs13163121},
    issn = {20724292},
    keywords = {3D LiDAR point clouds, Deep learning, Remote sensing, Semantic segmentation}
}

@article{Islam2020SemanticBenchmark,
    title = {{Semantic segmentation of underwater imagery: Dataset and benchmark}},
    year = {2020},
    journal = {IEEE International Conference on Intelligent Robots and Systems},
    author = {Islam, Md Jahidul and Edge, Chelsey and Xiao, Yuyang and Luo, Peigen and Mehtaz, Muntaqim and Morse, Christopher and Enan, Sadman Sakib and Sattar, Junaed},
    pages = {1769--1776},
    isbn = {9781728162126},
    doi = {10.1109/IROS45743.2020.9340821},
    issn = {21530866},
    arxivId = {2004.01241}
}

@article{Nogueira2017SemanticConvNets,
    title = {{Semantic segmentation of vegetation images acquired by unmanned aerial vehicles using an ensemble of ConvNets}},
    year = {2017},
    journal = {International Geoscience and Remote Sensing Symposium (IGARSS)},
    author = {Nogueira, Keiller and Dos Santos, Jefersson A. and Cancian, Leonardo and Borges, Bruno D. and Silva, Thiago S.F. and Morellato, Leonor Patricia and Torres, Ricardo Da S.},
    number = {July},
    pages = {3787--3790},
    volume = {2017-July},
    isbn = {9781509049516},
    doi = {10.1109/IGARSS.2017.8127824},
    keywords = {Deep Learning, Plant Species, Semantic Image Segmentation, Unmanned Aerial Vehicles}
}

@article{Stathopoulou2021SemanticallyAreas,
    title = {{Semantically derived geometric constraints for MVS reconstruction of textureless areas}},
    year = {2021},
    journal = {Remote Sensing},
    author = {Stathopoulou, Elisavet Konstantina and Battisti, Roberto and Cernea, Dan and Remondino, Fabio and Georgopoulos, Andreas},
    number = {6},
    pages = {1--19},
    volume = {13},
    doi = {10.3390/rs13061053},
    issn = {20724292},
    keywords = {3D reconstruction, Dense point cloud, Depth estimation, Multi view stereo (MVS), PatchMatch, Plane detection, RANSAC, Semantic segmentation}
}

@article{McCormac2017SemanticFusion:Networks,
    title = {{SemanticFusion: Dense 3D semantic mapping with convolutional neural networks}},
    year = {2017},
    journal = {Proceedings - IEEE International Conference on Robotics and Automation},
    author = {McCormac, John and Handa, Ankur and Davison, Andrew and Leutenegger, Stefan},
    pages = {4628--4635},
    publisher = {IEEE},
    isbn = {9781509046331},
    doi = {10.1109/ICRA.2017.7989538},
    issn = {10504729},
    arxivId = {1609.05130}
}

@article{Behley2019SemanticKITTI,
    title = {{SemanticKITTI}},
    year = {2019},
    journal = {Iccv},
    author = {Behley, Jens and Garbade, Martin and Milioto, Andres and Quenzel, Jan and Behnke, Sven and Stachniss, Cyrill and Gall, Juergen},
    number = {iii},
    url = {http://arxiv.org/abs/1904.01416},
    arxivId = {1904.01416}
}

@article{Couceiro2019SEMFIRE:Systems,
    title = {{SEMFIRE: Towards a new generation of forestry maintenance multi-robot systems}},
    year = {2019},
    journal = {Proceedings of the 2019 IEEE/SICE International Symposium on System Integration, SII 2019},
    author = {Couceiro, Micael S. and Portugal, David and Ferreira, Joao F. and Rocha, Rui P.},
    pages = {270--276},
    isbn = {9781538636152},
    doi = {10.1109/SII.2019.8700403}
}

@article{Lottes2017Semi-supervisedArrangement,
    title = {{Semi-supervised online visual crop and weed classification in precision farming exploiting plant arrangement}},
    year = {2017},
    journal = {IEEE International Conference on Intelligent Robots and Systems},
    author = {Lottes, Philipp and Stachniss, Cyrill},
    pages = {5155--5161},
    volume = {2017-Septe},
    isbn = {9781538626825},
    doi = {10.1109/IROS.2017.8206403},
    issn = {21530866}
}

@article{Rosu2020Semi-supervisedMeshes,
    title = {{Semi-supervised Semantic Mapping Through Label Propagation with Semantic Texture Meshes}},
    year = {2020},
    journal = {International Journal of Computer Vision},
    author = {Rosu, Radu Alexandru and Quenzel, Jan and Behnke, Sven},
    number = {5},
    pages = {1220--1238},
    volume = {128},
    isbn = {1126301901187},
    doi = {10.1007/s11263-019-01187-z},
    issn = {15731405},
    arxivId = {arXiv:1906.07029v1},
    keywords = {Label propagation, Semantic mapping, Semantic textured mesh}
}

@article{2019SEPIDEH2019,
    title = {{SEPIDEH KIA Enschede, The Netherlands, February 2019}},
    year = {2019},
    number = {February}
}

@article{Khoreva2017SimpleSegmentation,
    title = {{Simple does It: Weakly supervised instance and semantic segmentation}},
    year = {2017},
    journal = {Proceedings - 30th IEEE Conference on Computer Vision and Pattern Recognition, CVPR 2017},
    author = {Khoreva, Anna and Benenson, Rodrigo and Hosang, Jan and Hein, Matthias and Schiele, Bernt},
    pages = {1665--1674},
    volume = {2017-Janua},
    isbn = {9781538604571},
    doi = {10.1109/CVPR.2017.181},
    arxivId = {1603.07485}
}

@article{Maksymiuk2014SingleFilters,
    title = {{Single Tree Detection in Millimeterwave SAR Data by Morphological Attribute Filters}},
    year = {2014},
    author = {Maksymiuk, Oliver and Schmitt, Michael and Auer, Stefan and Stilla, Uwe},
    pages = {1--10}
}

@article{Magnard2016SingleData,
    title = {{Single tree identification using airborne multibaseline SAR interferometry data}},
    year = {2016},
    journal = {Remote Sensing of Environment},
    author = {Magnard, Christophe and Morsdorf, Felix and Small, David and Stilla, Uwe and Schaepman, Michael E. and Meier, Erich},
    number = {December},
    pages = {567--580},
    volume = {186},
    doi = {10.1016/j.rse.2016.09.018},
    issn = {00344257},
    keywords = {Airborne laser scanning, Forest segmentation, Interferometry, Maximum likelihood, Millimeter wave radar, Multibaseline, Normalized cuts, Point cloud, Stereo-photogrammetry, Synthetic aperture radar (SAR)}
}

@article{Chen2020SLOAM:Inventory,
    title = {{SLOAM: Semantic Lidar Odometry and Mapping for Forest Inventory}},
    year = {2020},
    journal = {IEEE Robotics and Automation Letters},
    author = {Chen, Steven W. and Nardari, Guilherme V. and Lee, Elijah S. and Qu, Chao and Liu, Xu and Romero, Roseli Ap Francelin and Kumar, Vijay},
    number = {2},
    pages = {612--619},
    volume = {5},
    doi = {10.1109/LRA.2019.2963823},
    issn = {23773766},
    arxivId = {1912.12726},
    keywords = {Robotics in agriculture and forestry, SLAM, deep learning in robotics and automation, virtual reality and interfaces}
}

@article{Rabbi2020Small-ObjectNetwork,
    title = {{Small-Object Detection in Remote Sensing Images with End-to-End Edge-Enhanced GAN and Object Detector Network}},
    year = {2020},
    author = {Rabbi, Jakaria and Ray, Nilanjan and Schubert, Matthias and Chowdhury, Subir and Chao, Dennis},
    month = {3},
    url = {http://arxiv.org/abs/2003.09085},
    arxivId = {2003.09085}
}

@article{Sartoretti2022Spectral-BasedSearch,
    title = {{Spectral-Based Distributed Ergodic Coverage for Heterogeneous Multi-agent Search}},
    year = {2022},
    journal = {Springer Proceedings in Advanced Robotics},
    author = {Sartoretti, Guillaume and Rao, Ananya and Choset, Howie},
    pages = {227--241},
    volume = {22 SPAR},
    isbn = {9783030927899},
    doi = {10.1007/978-3-030-92790-5{\_}18},
    issn = {25111264},
    keywords = {Distributed search, Heterogeneous teams, Multi-agent system}
}

@article{Bondi2018SpotTime,
    title = {{Spot poachers in action: Augmenting conservation drones with automatic detection in near real time}},
    year = {2018},
    journal = {32nd AAAI Conference on Artificial Intelligence, AAAI 2018},
    author = {Bondi, Elizabeth and Fang, Fei and Hamilton, Mark and Kar, Debarun and Dmello, Donnabell and Choi, Jongmoo and Hannaford, Robert and Iyer, Arvind and Joppa, Lucas and Tambe, Milind and Nevatia, Ram},
    pages = {7741--7746},
    isbn = {9781577358008},
    keywords = {Emerging Papers}
}

@article{Xu2020StayVersion,
    title = {{Stay ahead of poachers: Illegal wildlife poaching prediction and patrol planning under uncertainty with field test evaluations (Short Version)}},
    year = {2020},
    journal = {Proceedings - International Conference on Data Engineering},
    author = {Xu, Lily and Gholami, Shahrzad and Carthy, Sara Mc and Dilkina, Bistra and Plumptre, Andrew and Tambe, Milind and Singh, Rohit and Nsubuga, Mustapha and Mabonga, Joshua and Driciru, Margaret and Wanyama, Fred and Rwetsiba, Aggrey and Okello, Tom and Enyel, Eric},
    pages = {1898--1901},
    volume = {2020-April},
    isbn = {9781728129037},
    doi = {10.1109/ICDE48307.2020.00198},
    issn = {10844627},
    arxivId = {arXiv:1903.06669v3},
    keywords = {Data mining, Gaussian processes, Patrol route planning, Poaching, Predictive modeling, Uncertainty, Wildlife protection}
}

@article{Jampani2018SuperpixelNetworks,
    title = {{Superpixel sampling networks}},
    year = {2018},
    journal = {Lecture Notes in Computer Science (including subseries Lecture Notes in Artificial Intelligence and Lecture Notes in Bioinformatics)},
    author = {Jampani, Varun and Sun, Deqing and Liu, Ming Yu and Yang, Ming Hsuan and Kautz, Jan},
    pages = {363--380},
    volume = {11211 LNCS},
    isbn = {9783030012335},
    doi = {10.1007/978-3-030-01234-2{\_}22},
    issn = {16113349},
    arxivId = {1807.10174},
    keywords = {Clustering, Deep learning, Superpixels}
}

@article{Yeh2021SustainBench:Learning,
    title = {{SustainBench: Benchmarks for Monitoring the Sustainable Development Goals with Machine Learning}},
    year = {2021},
    author = {Yeh, Christopher and Meng, Chenlin and Wang, Sherrie and Driscoll, Anne and Rozi, Erik and Liu, Patrick and Lee, Jihyeon and Burke, Marshall and Lobell, David B. and Ermon, Stefano},
    number = {NeurIPS},
    url = {http://arxiv.org/abs/2111.04724},
    arxivId = {2111.04724}
}

@article{Badgley2022SystematicProgram,
    title = {{Systematic over-crediting in California's forest carbon offsets program}},
    year = {2022},
    journal = {Global Change Biology},
    author = {Badgley, Grayson and Freeman, Jeremy and Hamman, Joseph J. and Haya, Barbara and Trugman, Anna T. and Anderegg, William R.L. and Cullenward, Danny},
    number = {4},
    month = {2},
    pages = {1433--1445},
    volume = {28},
    publisher = {John Wiley and Sons Inc},
    doi = {10.1111/gcb.15943},
    issn = {13652486},
    pmid = {34668621}
}

@article{Rolnick2019TacklingLearning,
    title = {{Tackling Climate Change with Machine Learning}},
    year = {2019},
    author = {Rolnick, David and Donti, Priya L. and Kaack, Lynn H. and Kochanski, Kelly and Lacoste, Alexandre and Sankaran, Kris and Ross, Andrew Slavin and Milojevic-Dupont, Nikola and Jaques, Natasha and Waldman-Brown, Anna and Luccioni, Alexandra and Maharaj, Tegan and Sherwin, Evan D. and Mukkavilli, S. Karthik and Kording, Konrad P. and Gomes, Carla and Ng, Andrew Y. and Hassabis, Demis and Platt, John C. and Creutzig, Felix and Chayes, Jennifer and Bengio, Yoshua},
    url = {http://arxiv.org/abs/1906.05433},
    issn = {2331-8422},
    arxivId = {1906.05433}
}

@article{Rolnick2019TacklingLearningb,
    title = {{Tackling Climate Change with Machine Learning}},
    year = {2019},
    author = {Rolnick, David and Donti, Priya L. and Kaack, Lynn H. and Kochanski, Kelly and Lacoste, Alexandre and Sankaran, Kris and Ross, Andrew Slavin and Milojevic-Dupont, Nikola and Jaques, Natasha and Waldman-Brown, Anna and Luccioni, Alexandra and Maharaj, Tegan and Sherwin, Evan D. and Mukkavilli, S. Karthik and Kording, Konrad P. and Gomes, Carla and Ng, Andrew Y. and Hassabis, Demis and Platt, John C. and Creutzig, Felix and Chayes, Jennifer and Bengio, Yoshua},
    url = {http://arxiv.org/abs/1906.05433},
    issn = {2331-8422},
    arxivId = {1906.05433}
}

@article{WangTartanAirSLAM,
    title = {{TartanAir : A Dataset to Push the Limits of Visual SLAM}},
    author = {Wang, Wenshan and Zhu, Delong and Wang, Xiangwei and Hu, Yaoyu and Aug, R O},
    arxivId = {arXiv:2003.14338v2}
}

@article{Liu2019TaskDelivery,
    title = {{Task and path planning for multi-agent pickup and delivery}},
    year = {2019},
    journal = {Proceedings of the International Joint Conference on Autonomous Agents and Multiagent Systems, AAMAS},
    author = {Liu, Minghua and Ma, Hang and Li, Jiaoyang and Koenig, Sven},
    pages = {1152--1160},
    volume = {2},
    isbn = {9781510892002},
    issn = {15582914},
    keywords = {Agent coordination, Multi-agent path finding, Path planning, Pickup and delivery task, Task assignment, Traveling salesman problem}
}

@article{Liu2019TaskDeliveryb,
    title = {{Task and path planning for multi-agent pickup and delivery}},
    year = {2019},
    journal = {Proceedings of the International Joint Conference on Autonomous Agents and Multiagent Systems, AAMAS},
    author = {Liu, Minghua and Ma, Hang and Li, Jiaoyang and Koenig, Sven},
    pages = {1152--1160},
    volume = {2},
    isbn = {9781510892002},
    doi = {10.5555/3306127.3331816},
    issn = {15582914},
    keywords = {Agent coordination, Multi-agent path finding, Path planning, Pickup and delivery task, Task assignment, Traveling salesman problem}
}

@misc{Ceballos2018TheExtinction,
    title = {{The misunderstood sixth mass extinction}},
    year = {2018},
    booktitle = {Science},
    author = {Ceballos, Gerardo and Ehrlich, Paul R.},
    number = {6393},
    month = {6},
    pages = {1080--1081},
    volume = {360},
    publisher = {American Association for the Advancement of Science},
    doi = {10.1126/science.aau0191},
    issn = {10959203},
    pmid = {29880679}
}

@article{Everingham2010TheChallenge,
    title = {{The pascal visual object classes (VOC) challenge}},
    year = {2010},
    journal = {International Journal of Computer Vision},
    author = {Everingham, Mark and Van Gool, Luc and Williams, Christopher K.I. and Winn, John and Zisserman, Andrew},
    number = {2},
    pages = {303--338},
    volume = {88},
    doi = {10.1007/s11263-009-0275-4},
    issn = {09205691},
    keywords = {Benchmark, Database, Object detection, Object recognition}
}

@article{Miksik2015TheSpaces,
    title = {{The semantic paintbrush: Interactive 3D mapping and recognition in large outdoor spaces}},
    year = {2015},
    journal = {Conference on Human Factors in Computing Systems - Proceedings},
    author = {Miksik, Ondrej and Vineet, Vibhav and Lidegaard, Morten and Prasaath, Ram and Nie{\ss}ner, Matthias and Golodetz, Stuart and Hicks, Stephen L. and P{\'{e}}rez, Patrick and Izadi, Shahram and Torr, Philip H.S.},
    pages = {3317--3326},
    volume = {2015-April},
    isbn = {9781450331456},
    doi = {10.1145/2702123.2702222},
    keywords = {3D reconstruction, Augmented reality, Laser pointer interaction, Semantic segmentation, Stereo, Visually impaired}
}

@article{Birodkar2021TheSegmentation,
    title = {{The surprising impact of mask-head architecture on novel class segmentation}},
    year = {2021},
    author = {Birodkar, Vighnesh and Lu, Zhichao and Li, Siyang and Rathod, Vivek and Huang, Jonathan},
    month = {4},
    url = {http://arxiv.org/abs/2104.00613},
    arxivId = {2104.00613}
}

@article{Moon2022TIGRIS:Planning,
    title = {{TIGRIS: An Informed Sampling-based Algorithm for Informative Path Planning}},
    year = {2022},
    journal = {IEEE International Conference on Intelligent Robots and Systems},
    author = {Moon, Brady and Chatterjee, Satrajit and Scherer, Sebastian},
    pages = {5760--5766},
    volume = {2022-Octob},
    isbn = {9781665479271},
    doi = {10.1109/IROS47612.2022.9981992},
    issn = {21530866},
    arxivId = {2203.12830}
}

@article{Okumura2021Time-IndependentAgents,
    title = {{Time-Independent Planning for Multiple Moving Agents}},
    year = {2021},
    journal = {35th AAAI Conference on Artificial Intelligence, AAAI 2021},
    author = {Okumura, Keisuke and Tamura, Yasumasa and D{\'{e}}fago, Xavier},
    pages = {11299--11307},
    volume = {13A},
    isbn = {9781713835974},
    doi = {10.1609/aaai.v35i13.17347},
    issn = {2159-5399},
    arxivId = {2005.13187}
}

@article{Tseng2022TIML:Agriculture,
    title = {{TIML: Task-Informed Meta-Learning for Agriculture}},
    year = {2022},
    author = {Tseng, Gabriel and Kerner, Hannah and Rolnick, David},
    url = {http://arxiv.org/abs/2202.02124},
    arxivId = {2202.02124}
}

@article{Zhang2021TrackingSuper-Resolution,
    title = {{Tracking Urbanization in Developing Regions with Remote Sensing Spatial-Temporal Super-Resolution}},
    year = {2021},
    author = {Zhang, William and Burke, Marshall},
    number = {NeurIPS},
    arxivId = {arXiv:2204.01736v1}
}

@article{Tremblay2018TrainingRandomization,
    title = {{Training deep networks with synthetic data: Bridging the reality gap by domain randomization}},
    year = {2018},
    journal = {IEEE Computer Society Conference on Computer Vision and Pattern Recognition Workshops},
    author = {Tremblay, Jonathan and Prakash, Aayush and Acuna, David and Brophy, Mark and Jampani, Varun and Anil, Cem and To, Thang and Cameracci, Eric and Boochoon, Shaad and Birchfield, Stan},
    pages = {1082--1090},
    volume = {2018-June},
    isbn = {9781538661000},
    doi = {10.1109/CVPRW.2018.00143},
    issn = {21607516},
    arxivId = {1804.06516}
}

@article{Honig2018TrajectorySwarms,
    title = {{Trajectory Planning for Quadrotor Swarms}},
    year = {2018},
    journal = {IEEE Transactions on Robotics},
    author = {Honig, Wolfgang and Preiss, James A. and Kumar, T. K.Satish and Sukhatme, Gaurav S. and Ayanian, Nora},
    number = {4},
    pages = {856--869},
    volume = {34},
    doi = {10.1109/TRO.2018.2853613},
    issn = {15523098},
    keywords = {Multirobot systems, quadrotor, swarm, unmanned aerial vehicle (UAV)}
}

@article{Dutta2020TransferPrediction,
    title = {{Transfer Learning with Pairwise Comparison for Fine-Granular Fruit Shelf-Life Prediction}},
    year = {2020},
    author = {Dutta, Jayita and Patwardhan, Manasi and Deshpande, Parijat and Rai, Beena}
}

@article{Yao2021TreeNetworks,
    title = {{Tree counting with high spatial-resolution satellite imagery based on deep neural networks}},
    year = {2021},
    journal = {Ecological Indicators},
    author = {Yao, Ling and Liu, Tang and Qin, Jun and Lu, Ning and Zhou, Chenghu},
    month = {6},
    volume = {125},
    publisher = {Elsevier B.V.},
    doi = {10.1016/j.ecolind.2021.107591},
    issn = {1470160X},
    keywords = {Deep learning algorithms, Density estimation, Forestry, Remote sensing, Tree counting}
}

@article{Lyu2020UAVid:Imagery,
    title = {{UAVid: A semantic segmentation dataset for UAV imagery}},
    year = {2020},
    journal = {ISPRS Journal of Photogrammetry and Remote Sensing},
    author = {Lyu, Ye and Vosselman, George and Xia, Gui Song and Yilmaz, Alper and Yang, Michael Ying},
    pages = {108--119},
    volume = {165},
    doi = {10.1016/j.isprsjprs.2020.05.009},
    issn = {09242716},
    arxivId = {1810.10438},
    keywords = {Dataset, Deep learning, Semantic segmentation, UAV}
}

@article{Duberg2020UFOMap:Unknown,
    title = {{UFOMap: An Efficient Probabilistic 3D Mapping Framework That Embraces the Unknown}},
    year = {2020},
    journal = {IEEE Robotics and Automation Letters},
    author = {Duberg, Daniel and Jensfelt, Patric},
    number = {4},
    pages = {6411--6418},
    volume = {5},
    doi = {10.1109/LRA.2020.3013861},
    issn = {23773766},
    arxivId = {2003.04749},
    keywords = {Mapping, RGB-D perception, motion and path planning}
}

@article{Li2022UncoveringBiosketch,
    title = {{Uncovering the covered - biosketch}},
    year = {2022},
    journal = {IEEE Transactions on Industry Applications},
    author = {Li, Bo and Chen, Minyou and Ma, Ziming and He, Gang and Dai, Wei and Liu, Dongran and Zhang, Chi and Zhong, Haiwang},
    number = {2},
    pages = {2677--2693},
    volume = {58},
    isbn = {0360544217303},
    doi = {10.1109/TIA.2021.3116916},
    issn = {19399367},
    keywords = {Capacity expansion, fuel cell electric vehicle, integrated power and transportation system, power-to-gas technology, smart charging}
}

@article{UncoveringBudget,
    title = {{Uncovering the covered - budget}},
    number = {Subgrantee 1}
}

@article{Moshinsky1959UncoveringProposal,
    title = {{Uncovering the covered - proposal}},
    year = {1959},
    journal = {Nucl. Phys.},
    author = {Moshinsky, Marcos},
    number = {1},
    pages = {104--116},
    volume = {13},
    issn = {0029-5582}
}

@article{Maimaitijiang2017UnmannedMachine,
    title = {{Unmanned Aerial System (UAS)-based phenotyping of soybean using multi-sensor data fusion and extreme learning machine}},
    year = {2017},
    journal = {ISPRS Journal of Photogrammetry and Remote Sensing},
    author = {Maimaitijiang, Maitiniyazi and Ghulam, Abduwasit and Sidike, Paheding and Hartling, Sean and Maimaitiyiming, Matthew and Peterson, Kyle and Shavers, Ethan and Fishman, Jack and Peterson, Jim and Kadam, Suhas and Burken, Joel and Fritschi, Felix},
    pages = {43--58},
    volume = {134},
    doi = {10.1016/j.isprsjprs.2017.10.011},
    issn = {09242716},
    keywords = {Data Fusion, Extreme Learning Machine (ELM), Extreme Learning Machine based Regression (ELR), Phenotyping, Remote sensing, Unmanned Aerial System (UAS)}
}

@techreport{RussellUnmannedMitigation,
    title = {{Unmanned Aerial Vehicle Mapping with Semantic and Traversability Metrics for Forest Fire Mitigation}},
    author = {Russell, David and Arevalo, Tito and Garg, Chinmay and Kuang, Winnie and Yandun, Francisco and Wettergreen, David and Kantor, George}
}

@article{Yang2017UnmannedPerspectives,
    title = {{Unmanned aerial vehicle remote sensing for field-based crop phenotyping: Current status and perspectives}},
    year = {2017},
    journal = {Frontiers in Plant Science},
    author = {Yang, Guijun and Liu, Jiangang and Zhao, Chunjiang and Li, Zhenhong and Huang, Yanbo and Yu, Haiyang and Xu, Bo and Yang, Xiaodong and Zhu, Dongmei and Zhang, Xiaoyan and Zhang, Ruyang and Feng, Haikuan and Zhao, Xiaoqing and Li, Zhenhai and Li, Heli and Yang, Hao},
    number = {June},
    volume = {8},
    doi = {10.3389/fpls.2017.01111},
    issn = {1664462X},
    pmid = {28713402},
    keywords = {Crop breeding, Field phenotyping, High-throughput, Remote sensing, UAV}
}

@article{Chang2021UnmannedEstimation,
    title = {{Unmanned Aircraft System- (UAS-) Based High-Throughput Phenotyping (HTP) for Tomato Yield Estimation}},
    year = {2021},
    journal = {Journal of Sensors},
    author = {Chang, Anjin and Jung, Jinha and Yeom, Junho and Maeda, Murilo M. and Landivar, Juan A. and Enciso, Juan M. and Avila, Carlos A. and Anciso, Juan R.},
    volume = {2021},
    doi = {10.1155/2021/8875606},
    issn = {16877268}
}

@article{Chen2021UnsupervisedTransfer,
    title = {{Unsupervised Domain Adaptation for Semantic Segmentation via Low-level Edge Information Transfer}},
    year = {2021},
    author = {Chen, Hongruixuan and Wu, Chen and Xu, Yonghao and Du, Bo},
    url = {http://arxiv.org/abs/2109.08912},
    arxivId = {2109.08912},
    keywords = {all or part of, convolutional neural networks, edge information, mentation, or, or hard copies of, permission to make digital, semantic seg-, this work for personal, transfer learning, unsupervised domain adaptation}
}

@article{Leotta2019UrbanImagery,
    title = {{Urban semantic 3D reconstruction from multiview satellite imagery}},
    year = {2019},
    journal = {IEEE Computer Society Conference on Computer Vision and Pattern Recognition Workshops},
    author = {Leotta, Matthew J. and Long, Chengjiang and Jacquet, Bastien and Zins, Matthieu and Lipsa, Dan and Shan, Jie and Xu, Bo and Li, Zhixin and Zhang, Xu and Chang, Shih Fu and Purri, Matthew and Xue, Jia and Dana, Kristin},
    pages = {1451--1460},
    volume = {2019-June},
    isbn = {9781728125060},
    doi = {10.1109/CVPRW.2019.00186},
    issn = {21607516}
}

@article{Burke2021UsingDevelopment,
    title = {{Using satellite imagery to understand and promote sustainable development}},
    year = {2021},
    journal = {Science},
    author = {Burke, Marshall and Driscoll, Anne and Lobell, David B. and Ermon, Stefano},
    number = {6535},
    volume = {371},
    doi = {10.1126/science.abe8628},
    issn = {10959203},
    pmid = {33737462},
    arxivId = {2010.06988}
}

@article{Ceballos2020VertebratesExtinction,
    title = {{Vertebrates on the brink as indicators of biological annihilation and the sixth mass extinction}},
    year = {2020},
    journal = {Proceedings of the National Academy of Sciences of the United States of America},
    author = {Ceballos, Gerardo and Ehrlich, Paul R. and Raven, Peter H.},
    number = {24},
    pages = {13596--13602},
    volume = {117},
    doi = {10.1073/pnas.1922686117},
    issn = {10916490},
    pmid = {32482862},
    keywords = {Conservation, Ecosystem services, Endangered species, Population extinctions, Sixth mass extinction}
}

@article{Alonso-mora2018Via-,
    title = {{via dynamic trip-vehicle assignment — - Supplemental Material — -}},
    year = {2018},
    journal = {Q1 - Pnas 2018},
    author = {Alonso-mora, Javier and Samaranayake, Samitha and Wallar, Alex and Frazzoli, Emilio and Rus, Daniela}
}

@article{Pratt2001VirtualLocomotion,
    title = {{Virtual model control: an intuitive approach for bipedal locomotion}},
    year = {2001},
    journal = {International Journal of Robotics Research},
    author = {Pratt, Jerry and Chew, Chee Meng and Torres, Ann and Dilworth, Peter and Pratt, Gill},
    number = {2},
    pages = {129--143},
    volume = {20},
    doi = {10.1177/02783640122067309},
    issn = {02783649},
    keywords = {biped, control, impedance control, legged locomotion, virtual model}
}

@article{Kundu2020VirtualSegmentation,
    title = {{Virtual Multi-view Fusion for 3D Semantic Segmentation}},
    year = {2020},
    journal = {Lecture Notes in Computer Science (including subseries Lecture Notes in Artificial Intelligence and Lecture Notes in Bioinformatics)},
    author = {Kundu, Abhijit and Yin, Xiaoqi and Fathi, Alireza and Ross, David and Brewington, Brian and Funkhouser, Thomas and Pantofaru, Caroline},
    pages = {518--535},
    volume = {12369 LNCS},
    isbn = {9783030585853},
    doi = {10.1007/978-3-030-58586-0{\_}31},
    issn = {16113349},
    arxivId = {2007.13138},
    keywords = {3D semantic segmentation, Scene understanding}
}

@book{ShameemBanu2014VirulenceHospital,
    title = {{Virulence factors and antibiogram of uropathogenic Escherichia coli isolated at tertiary care hospital}},
    year = {2014},
    booktitle = {Research Journal of Pharmaceutical, Biological and Chemical Sciences},
    author = {Shameem Banu, A. S. and Mathuri, M. and Bineshlal, Y. and Jayakumar, S.},
    number = {5},
    pages = {545--552},
    volume = {5},
    isbn = {9780691135762},
    issn = {09758585},
    keywords = {Antibiogram, Urinary tract infections, Uropathogenic Escherichia coli, Virulence factors}
}

@article{Servieres2021VisualBenchm,
    title = {{Visual and Visual-Inertial SLAM : State of the Art , Classification , and Experimental Benchmarking To cite this version : HAL Id : hal-03187856 Research Article Visual and Visual-Inertial SLAM : State of the Art , Classification , and Experimental Benchm}},
    year = {2021},
    author = {Servieres, Myriam and Renaudin, Valérie and Dupuis, Alexis and Antigny, Nicolas and Servieres, Myriam and Renaudin, Valérie and Dupuis, Alexis and Visual, Nicolas Antigny and Servi{\`{e}}res, Myriam and Renaudin, Valérie and Dupuis, Alexis and Antigny, Nicolas}
}

@article{Bustos2019VisualAdjust,
    title = {{Visual SLAM: Why bundle adjust?}},
    year = {2019},
    journal = {Proceedings - IEEE International Conference on Robotics and Automation},
    author = {Bustos, Alvaro Parra and Chin, Tat Jun and Eriksson, Anders and Reid, Ian},
    pages = {2385--2391},
    volume = {2019-May},
    isbn = {9781538660263},
    doi = {10.1109/ICRA.2019.8793749},
    issn = {10504729},
    arxivId = {1902.03747}
}

@article{Zhao2019Visual-BasedEnvironment,
    title = {{Visual-Based Semantic SLAM with Landmarks for Large-Scale Outdoor Environment}},
    year = {2019},
    journal = {Proceedings - 2nd China Symposium on Cognitive Computing and Hybrid Intelligence, CCHI 2019},
    author = {Zhao, Zirui and Mao, Yijun and Ding, Yan and Ren, Pengju and Zheng, Nanning},
    pages = {149--154},
    isbn = {9781728140919},
    doi = {10.1109/CCHI.2019.8901910},
    arxivId = {2001.01028},
    keywords = {Landmark-level Semantic Mapping, Large-Scale SLAM, Semantic SLAM, Semantic Segmentation, Visual SLAM}
}

@article{Zhang2015Visual-lidarFast,
    title = {{Visual-lidar odometry and mapping: Low-drift, robust, and fast}},
    year = {2015},
    journal = {Proceedings - IEEE International Conference on Robotics and Automation},
    author = {Zhang, Ji and Singh, Sanjiv},
    number = {June},
    pages = {2174--2181},
    volume = {2015-June},
    isbn = {9781479969234},
    doi = {10.1109/ICRA.2015.7139486},
    issn = {10504729}
}

@article{Wang2020WalkGuarantees,
    title = {{Walk, stop, count, and swap: Decentralized multi-Agent path finding with theoretical guarantees}},
    year = {2020},
    journal = {IEEE Robotics and Automation Letters},
    author = {Wang, Hanlin and Rubenstein, Michael},
    number = {2},
    pages = {1119--1126},
    volume = {5},
    doi = {10.1109/LRA.2020.2967317},
    issn = {23773766},
    keywords = {Path planning for multiple mobile robots or agents, distributed robot systems, swarms}
}

@article{Han2021Weakly-SupervisedShapes,
    title = {{Weakly-Supervised Learning of Category-Specific 3D Object Shapes}},
    year = {2021},
    journal = {IEEE Transactions on Pattern Analysis and Machine Intelligence},
    author = {Han, Junwei and Yang, Yang and Zhang, Dingwen and Huang, Dong and Xu, Dong and De La Torre, Fernando},
    number = {4},
    pages = {1423--1437},
    volume = {43},
    publisher = {IEEE},
    doi = {10.1109/TPAMI.2019.2949562},
    issn = {19393539},
    pmid = {31670664},
    keywords = {3D shape reconstruction, common object segmentation, viewpoint estimation}
}

@article{Kim2021WEDGE:Segmentation,
    title = {{WEDGE: Web-Image Assisted Domain Generalization for Semantic Segmentation}},
    year = {2021},
    author = {Kim, Namyup and Son, Taeyoung and Lan, Cuiling and Zeng, Wenjun and Kwak, Suha},
    url = {http://arxiv.org/abs/2109.14196},
    arxivId = {2109.14196}
}

@article{Sa2018WeedMap:Farming,
    title = {{WeedMap: A large-scale semantic weed mapping framework using aerial multispectral imaging and deep neural network for precision farming}},
    year = {2018},
    journal = {Remote Sensing},
    author = {Sa, Inkyu and Popovi{\'{c}}, Marija and Khanna, Raghav and Chen, Zetao and Lottes, Philipp and Liebisch, Frank and Nieto, Juan and Stachniss, Cyrill and Walter, Achim and Siegwart, Roland},
    number = {9},
    volume = {10},
    doi = {10.3390/rs10091423},
    issn = {20724292},
    arxivId = {1808.00100},
    keywords = {Deep neural network, Multispectral imaging, Precision farming, Remote sensing, Semantic segmentation, Unmanned aerial vehicle, Weed management}
}

@article{Lebauer2021WhatCommunity,
    title = {{What Does TERRA-REF's High Resolution, Multi Sensor Plant Sensing Public Domain Data Offer the Computer Vision Community?}},
    year = {2021},
    journal = {Proceedings of the IEEE International Conference on Computer Vision},
    author = {Lebauer, David and Burnette, Max and Fahlgren, Noah and Kooper, Rob and McHenry, Kenton and Stylianou, Abby},
    pages = {1409--1415},
    volume = {2021-Octob},
    isbn = {9781665401913},
    doi = {10.1109/ICCVW54120.2021.00162},
    issn = {15505499}
}

@article{Saberi2022WhatIndices,
    title = {{What is the color when black is burned? Quantifying (re)burn severity using eld and satellite indices}},
    year = {2022},
    author = {Saberi, Saba Juliet and Harvey, Brian J},
    pages = {1--16},
    url = {https://doi.org/10.21203/rs.3.rs-1659960/v1},
    keywords = {CBI, RdNBR, disturbance interactions, extreme burn severity, reburns, stand-replacing re, wildre}
}

@article{Kendall2017WhatVision,
    title = {{What uncertainties do we need in Bayesian deep learning for computer vision?}},
    year = {2017},
    journal = {Advances in Neural Information Processing Systems},
    author = {Kendall, Alex and Gal, Yarin},
    number = {Nips},
    pages = {5575--5585},
    volume = {2017-Decem},
    issn = {10495258},
    arxivId = {1703.04977}
}

@article{Kellenberger2019WhenImages,
    title = {{When a few clicks make all the difference: Improving weakly-supervised wildlife detection in UAV images}},
    year = {2019},
    journal = {IEEE Computer Society Conference on Computer Vision and Pattern Recognition Workshops},
    author = {Kellenberger, Benjamin and Marcos, DIego and Tuia, Devis},
    pages = {1414--1422},
    volume = {2019-June},
    isbn = {9781728125060},
    doi = {10.1109/CVPRW.2019.00182},
    issn = {21607516}
}

@article{Kellenberger2019WhenImagesb,
    title = {{When a few clicks make all the difference: Improving weakly-supervised wildlife detection in UAV images}},
    year = {2019},
    journal = {IEEE Computer Society Conference on Computer Vision and Pattern Recognition Workshops},
    author = {Kellenberger, Benjamin and Marcos, DIego and Tuia, Devis},
    pages = {1414--1422},
    volume = {2019-June},
    isbn = {9781728125060},
    doi = {10.1109/CVPRW.2019.00182},
    issn = {21607516}
}

@article{Madaan2018WireVehicles,
    title = {{Wire Detection, Reconstruction, and Avoidance for Unmanned Aerial Vehicles}},
    year = {2018},
    author = {Madaan, Ratnesh and Scherer, Sebastian and Kaess, Michael and Arora, Sankalp},
    number = {August}
}

@article{Izzaty1967NoTitle,
    title = {{済無No Title No Title No Title}},
    year = {1967},
    journal = {Angewandte Chemie International Edition, 6(11), 951–952.},
    author = {Izzaty, Rita Eka and Astuti, Budi and Cholimah, Nur},
    pages = {5--24}
}

@article{Dr.Vladimir1967NoTitle,
    title = {{済無No Title No Title No Title}},
    year = {1967},
    journal = {Gastronom{\'{i}}a ecuatoriana y turismo local.},
    author = {Dr. Vladimir, Vega Falcon},
    number = {69},
    pages = {5--24},
    volume = {1},
    keywords = {ecuadorian cuisine and local, gastronom{\'{i}}a ecuatoriana, s, title, tourism, turismo gastron{\'{o}}mico, turismo local}
}

@article{Hanso2016NoTitle,
    title = {{済無No Title No Title No Title}},
    year = {2016},
    author = {Hanso, Blum},
    pages = {1--23},
    volume = {4},
    isbn = {2013206534}
}