@misc{TUG2017,
    author = {TUG},
    title = {{TeX Live}},
    url = {https://www.tug.org/texlive/},
    year = {2017}
}

@ARTICLE{NSGA_II_Deb_2002,
  author={Deb, K. and Pratap, A. and Agarwal, S. and Meyarivan, T.},
  journal={IEEE Transactions on Evolutionary Computation}, 
  title={A fast and elitist multiobjective genetic algorithm: NSGA-II}, 
  year={2002},
  volume={6},
  number={2},
  pages={182-197},
  doi={10.1109/4235.996017}}

@inbook{TOPSIS_Merve_2020,
author = {Cengiz Toklu, Merve},
year = {2020},
month = {01},
pages = {139-168},
title = {The Technique for Order of Preference by Similarity to Ideal Solution Method in Fuzzy Environment: Fuzzy TOPSIS Method},
isbn = {9781799822189},
doi = {10.4018/978-1-7998-2216-5.ch007}
}

@Inbook{Pardalos2009,
author="Pardalos, Panos M.
and Mavridou, Thelma D.",
editor="Floudas, Christodoulos A.
and Pardalos, Panos M.",
title="Simulated annealingSimulated Annealing",
bookTitle="Encyclopedia of Optimization",
year="2009",
publisher="Springer US",
address="Boston, MA",
pages="3591--3593",
abstract="Keywords",
isbn="978-0-387-74759-0",
doi="10.1007/978-0-387-74759-0_617",
url="https://doi.org/10.1007/978-0-387-74759-0_617"
}

% TIGRIS
@article{Moon2022,
archivePrefix = {arXiv},
arxivId = {2203.12830},
author = {Moon, Brady and Chatterjee, Satrajit and Scherer, Sebastian},
doi = {10.1109/IROS47612.2022.9981992},
eprint = {2203.12830},
file = {:home/david/Downloads/2203.12830.pdf:pdf},
isbn = {9781665479271},
issn = {21530866},
journal = {IEEE International Conference on Intelligent Robots and Systems},
mendeley-groups = {Thesis/Informative path planning},
pages = {5760--5766},
title = {{TIGRIS: An Informed Sampling-based Algorithm for Informative Path Planning}},
volume = {2022-Octob},
year = {2022}
}


@misc{semantic_slam_RGBD,
  author = {Xuan, Zhang and David, Filliat},
  title = {Real-time voxel based 3D semantic mapping with a hand held RGB-D camera},
  year = {2018},
  publisher = {GitHub},
  journal = {GitHub repository},
  howpublished = {\url{https://github.com/floatlazer/semantic_slam}},
}

@article{DetectTree2,
    title = {{Accurate tropical forest individual tree crown delineation from RGB imagery using Mask R-CNN}},
    year = {2022},
    journal = {bioRxiv},
    author = {Ball, James G. C. and Hickman, Sebastian H. M. and Jackson, Tobias D. and Koay, Xian Jing and Hirst, James and Jay, William and Aubry-Kientz, Mélaine and Vincent, Grégoire and Coomes, David A.},
    pages = {1--18},
    url = {https://www.biorxiv.org/content/10.1101/2022.07.10.499480v1\%0Ahttps://www.biorxiv.org/content/10.1101/2022.07.10.499480v1.abstract},
    isbn = {10.1101/2022.07.1},
    doi = {10.1002/rse2.332},
    keywords = {convolutional neural networks, deep, detectron2, forest monitoring, learning, mask r-cnn, tree, tree crown delineation}
}